@article{Ode2018a,
    title = {{ Lost in clocks: non‐canonical circadian oscillation discovered in Drosophila cells }},
    year = {2018},
    journal = {Molecular Systems Biology},
    author = {Ode, Koji L and Ueda, Hiroki R},
    number = {9},
    pages = {2--4},
    volume = {14},
    doi = {10.15252/msb.20188567},
    issn = {1744-4292},
    pmid = {30249605}
}

@article{Andersen2011,
    title = {{"Price-quakes" shaking the world's stock exchanges}},
    year = {2011},
    journal = {PLoS ONE},
    author = {Andersen, Jørgen Vitting and Nowak, Andrzej and Rotundo, Giulia and Parrott, Lael and Martinez, Sebastian},
    number = {11},
    volume = {6},
    doi = {10.1371/journal.pone.0026472},
    issn = {19326203},
    pmid = {22073168}
}

@article{Hahl2016,
    title = {{A comparison of deterministic and stochastic modeling approaches for biochemical reaction systems: On fixed points, means, and modes}},
    year = {2016},
    journal = {Frontiers in Genetics},
    author = {Hahl, Sayuri K. and Kremling, Andreas},
    number = {AUG},
    volume = {7},
    doi = {10.3389/fgene.2016.00157},
    issn = {16648021},
    keywords = {Bimodality, Bistability, Chemical master equation, Gene expression, Ordinary differential equations, Protein bursts}
}

@article{Leon2016,
    title = {{A computational method for the investigation of multistable systems and its application to genetic switches}},
    year = {2016},
    journal = {BMC Systems Biology},
    author = {Leon, Miriam and Woods, Mae L. and Fedorec, Alex J.H. and Barnes, Chris P.},
    number = {1},
    pages = {1--12},
    volume = {10},
    publisher = {BMC Systems Biology},
    url = {http://dx.doi.org/10.1186/s12918-016-0375-z},
    doi = {10.1186/s12918-016-0375-z},
    issn = {17520509},
    pmid = {27927198},
    keywords = {Design of genetic circuits, Genetic switches, Sequential Monte Carlo}
}

@article{Jolley2012,
    title = {{A Design Principle for a Posttranslational Biochemical Oscillator}},
    year = {2012},
    journal = {Cell Reports},
    author = {Jolley, Craig C. and Ode, Koji L. and Ueda, Hiroki R.},
    number = {4},
    pages = {938--950},
    volume = {2},
    publisher = {The Authors},
    url = {http://dx.doi.org/10.1016/j.celrep.2012.09.006},
    doi = {10.1016/j.celrep.2012.09.006},
    issn = {22111247}
}

@article{Sugai2017,
    title = {{A Design Principle for an Autonomous Post-translational Pattern Formation}},
    year = {2017},
    journal = {Cell Reports},
    author = {Sugai, Shuhei S. and Ode, Koji L. and Ueda, Hiroki R.},
    number = {4},
    pages = {863--874},
    volume = {19},
    publisher = {ElsevierCompany.},
    url = {http://dx.doi.org/10.1016/j.celrep.2017.03.081},
    doi = {10.1016/j.celrep.2017.03.081},
    issn = {22111247},
    keywords = {computational simulation, post-translational modification, reversible phosphorylation, spatial pattern, stochastic simulation, turing pattern}
}

@article{Stepanov2018,
    title = {{A mathematical model of multisite phosphorylation of tau protein}},
    year = {2018},
    journal = {PLoS ONE},
    author = {Stepanov, Alexander and Karelina, Tatiana and Markevich, Nikolai and Demin, Oleg and Nicholas, Timothy},
    number = {2},
    pages = {1--17},
    volume = {13},
    isbn = {1111111111},
    doi = {10.1371/journal.pone.0192519},
    issn = {19326203},
    pmid = {29408874}
}

@article{VanDerGucht2010,
    title = {{A physical model of cellular symmetry breaking}},
    year = {2010},
    journal = {Progress in Mathematical Physics},
    author = {Van Der Gucht, Jasper and Sykes, Cécile},
    pages = {33--46},
    volume = {60},
    isbn = {9783034604277},
    doi = {10.1007/978-3-0346-0428-4{\_}2},
    issn = {15449998}
}

@article{Venta2020,
    title = {{A processive phosphorylation circuit with multiple kinase inputs and mutually diversional routes controls G1/S decision}},
    year = {2020},
    journal = {Nature Communications},
    author = {Venta, Rainis and Valk, Ervin and {\"{O}}rd, Mihkel and Ko{\v{s}}ik, Oleg and P{\"{a}}{\"{a}}bo, Kaur and Maljavin, Artemi and Kivi, Rait and Faustova, Ilona and Shtaida, Nastassia and Lepiku, Martin and M{\"{o}}ll, Kaidi and Doncic, Andreas and Kõivom{\"{a}}gi, Mardo and Loog, Mart},
    number = {1},
    volume = {11},
    doi = {10.1038/s41467-020-15685-z},
    issn = {20411723},
    pmid = {32296067}
}

@article{Puhl2008,
    title = {{A protein tyrosine phosphatase-like inositol polyphosphatase from Selenomonas ruminantium subsp. lactilytica has specificity for the 5-phosphate of myo-inositol hexakisphosphate}},
    year = {2008},
    journal = {International Journal of Biochemistry and Cell Biology},
    author = {Puhl, Aaron A. and Greiner, Ralf and Selinger, L. Brent},
    number = {10},
    pages = {2053--2064},
    volume = {40},
    doi = {10.1016/j.biocel.2008.02.003},
    issn = {13572725},
    pmid = {18358762},
    keywords = {Hydrolysis pathway, Inositol polyphosphate phosphatase, Phytase, Protein tyrosine phosphatase, myo-Inositol}
}

@article{Bouchoux2011,
    title = {{A quantitative model for ordered Cdk substrate dephosphorylation during mitotic exit}},
    year = {2011},
    journal = {Cell},
    author = {Bouchoux, Céline and Uhlmann, Frank},
    number = {4},
    pages = {803--814},
    volume = {147},
    doi = {10.1016/j.cell.2011.09.047},
    issn = {00928674}
}

@article{Aoki2013,
    title = {{A Quantitative Model of ERK MAP Kinase Phosphorylation in Crowded Media}},
    year = {2013},
    journal = {Scientific Reports},
    author = {Aoki, Kazuhiro and Takahashi, Koichi and Kaizu, Kazunari and Matsuda, Michiyuki},
    number = {1},
    month = {12},
    pages = {1541},
    volume = {3},
    url = {http://www.nature.com/articles/srep01541},
    doi = {10.1038/srep01541},
    issn = {2045-2322},
    pmid = {23528948}
}

@article{Jimenez2017,
    title = {{A spectrum of modularity in multi‐functional gene circuits}},
    year = {2017},
    journal = {Molecular Systems Biology},
    author = {Jim{\'{e}}nez, Alba and Cotterell, James and Munteanu, Andreea and Sharpe, James},
    number = {4},
    pages = {925},
    volume = {13},
    doi = {10.15252/msb.20167347},
    issn = {1744-4292},
    pmid = {28455348},
    keywords = {decomposability, dynamical mechanism, gene circuits, modularity}
}

@article{Letellier2018,
    title = {{A symbolic network-based nonlinear theory for dynamical systems observability}},
    year = {2018},
    journal = {Scientific Reports},
    author = {Letellier, Christophe and Sendin{\~{a}}-Nadal, Irene and Bianco-Martinez, Ezequiel and Baptista, Murilo S.},
    number = {1},
    pages = {1--15},
    volume = {8},
    doi = {10.1038/s41598-018-21967-w},
    issn = {20452322},
    pmid = {29491432}
}

@article{Balagadde2008,
    title = {{A synthetic Escherichia coli predator-prey ecosystem}},
    year = {2008},
    journal = {Molecular Systems Biology},
    author = {Balagadd{\'{e}}, Frederick K. and Song, Hao and Ozaki, Jun and Collins, Cynthia H. and Barnet, Matthew and Arnold, Frances H. and Quake, Stephen R. and You, Lingchong},
    number = {187},
    pages = {1--8},
    volume = {4},
    doi = {10.1038/msb.2008.24},
    issn = {17444292},
    pmid = {18414488},
    keywords = {Microchemostat, Microfluidics, Quorum sensing, Synthetic biology, Systems biology}
}

@article{Weber2009,
    title = {{A synthetic metabolite-based mammalian inter-cell signaling system}},
    year = {2009},
    journal = {Molecular BioSystems},
    author = {Weber, Wilfried and Schuetz, Marco and D{\'{e}}nervaud, Nicolas and Fussenegger, Martin},
    number = {7},
    pages = {757--763},
    volume = {5},
    doi = {10.1039/b902070p},
    issn = {1742206X}
}

@article{Sadreev2014,
    title = {{A Systems Model of Phosphorylation for Inflammatory Signaling Events}},
    year = {2014},
    journal = {PLoS ONE},
    author = {Sadreev, Ildar I. and Chen, Michael Z. Q. and Welsh, Gavin I. and Umezawa, Yoshinori and Kotov, Nikolay V. and Valeyev, Najl V.},
    editor = {Sethi, Gautam},
    number = {10},
    month = {10},
    pages = {e110913},
    volume = {9},
    url = {https://dx.plos.org/10.1371/journal.pone.0110913},
    doi = {10.1371/journal.pone.0110913},
    issn = {1932-6203},
    pmid = {25333362}
}

@article{Wells2018,
    title = {{A systems perspective of heterocellular signaling}},
    year = {2018},
    journal = {Essays in Biochemistry},
    author = {Wells, Alan and Wiley, H. Steven},
    number = {4},
    pages = {607--617},
    volume = {62},
    doi = {10.1042/EBC20180015},
    issn = {00711365},
    pmid = {30139877}
}

@article{Paul2020,
    title = {{Activation-induced substrate engagement in ERK signaling}},
    year = {2020},
    journal = {Molecular Biology of the Cell},
    author = {Paul, Sayantanee and Yang, Liu and Mattingly, Henry and Goyal, Yogesh and Shvartsman, Stanislav Y. and Veraksa, Alexey},
    number = {4},
    pages = {235--243},
    volume = {31},
    doi = {10.1091/mbc.E19-07-0355},
    issn = {19394586},
    pmid = {31913744}
}

@article{Krishnan2019,
    title = {{Adaptive information processing of network modules to dynamic and spatial stimuli}},
    year = {2019},
    journal = {BMC Systems Biology},
    author = {Krishnan, J. and Floros, Ioannis},
    doi = {10.1186/s12918-019-0703-1},
    issn = {17520509},
    pmid = {30866946},
    keywords = {Adaptation, Dynamic stimuli, Network features, Spatial stimuli}
}

@article{Gorochowski2016,
    title = {{Agent-based modelling in synthetic biology}},
    year = {2016},
    journal = {Essays in Biochemistry},
    author = {Gorochowski, Thomas E.},
    number = {4},
    pages = {325--336},
    volume = {60},
    doi = {10.1042/EBC20160037},
    issn = {00711365},
    pmid = {27903820}
}

@article{Changeux2012,
    title = {{Allostery and the monod-wyman-changeux model after 50 years}},
    year = {2012},
    journal = {Annual Review of Biophysics},
    author = {Changeux, Jean Pierre},
    number = {1},
    pages = {103--133},
    volume = {41},
    doi = {10.1146/annurev-biophys-050511-102222},
    issn = {1936122X},
    pmid = {22224598},
    keywords = {Allosteric proteins, Conformational selection versus induced fit, Drug design, Receptor diseases, Signal transduction}
}

@article{Eithun2017,
    title = {{An all-encompassing global convergence result for processive multisite phosphorylation systems}},
    year = {2017},
    journal = {Mathematical Biosciences},
    author = {Eithun, Mitchell and Shiu, Anne},
    pages = {1--9},
    volume = {291},
    publisher = {Elsevier Inc.},
    url = {http://dx.doi.org/10.1016/j.mbs.2017.05.006},
    doi = {10.1016/j.mbs.2017.05.006},
    issn = {18793134},
    keywords = {Chemical reaction network, Global stability, Intermediate complex, Monotone systems theory, SR-graph}
}

@article{VanZon2007,
    title = {{An allosteric model of circadian KaiC phosphorylation}},
    year = {2007},
    journal = {Proceedings of the National Academy of Sciences of the United States of America},
    author = {Van Zon, Jeroen S. and Lubensky, David K. and Altena, Pim R.H. and Ten Wolde, Pieter Rein},
    number = {18},
    pages = {7420--7425},
    volume = {104},
    doi = {10.1073/pnas.0608665104},
    issn = {00278424},
    pmid = {17460047}
}

@article{Ingalls2012,
    title = {{An Introduction to Mathematical Modelling in Molecular Systems Biology}},
    year = {2012},
    author = {Ingalls, Brian}
}

@article{Thomas2018,
    title = {{Analysis of cell size homeostasis at the single-cell and population level}},
    year = {2018},
    journal = {Frontiers in Physics},
    author = {Thomas, Philipp},
    number = {June},
    volume = {6},
    doi = {10.3389/fphy.2018.00064},
    issn = {2296424X},
    keywords = {Cell size control, Homeostasis, Lineages, Power laws, Size distributions, Stochastic individual-based modeling}
}

@article{OShaughnessy2012,
    title = {{Analyzing and engineering cell signaling modules with synthetic biology}},
    year = {2012},
    journal = {Current Opinion in Biotechnology},
    author = {O'Shaughnessy, Ellen C. and Sarkar, Casim A.},
    number = {5},
    pages = {785--790},
    volume = {23},
    publisher = {Elsevier Ltd},
    url = {http://dx.doi.org/10.1016/j.copbio.2012.01.004},
    doi = {10.1016/j.copbio.2012.01.004},
    issn = {09581669}
}

@article{Darlington2020,
    title = {{Architectures for Combined Transcriptional and Translational Resource Allocation Controllers}},
    year = {2020},
    journal = {Cell Systems},
    author = {Darlington, Alexander P.S. and Bates, Declan G.},
    pages = {1--11},
    publisher = {Elsevier Inc.},
    url = {https://doi.org/10.1016/j.cels.2020.08.014},
    doi = {10.1016/j.cels.2020.08.014},
    issn = {24054712}
}

@article{Wondraczek2019,
    title = {{Artificial Microbial Arenas: Materials for Observing and Manipulating Microbial Consortia}},
    year = {2019},
    journal = {Advanced Materials},
    author = {Wondraczek, Lothar and Pohnert, Georg and Schacher, Felix H. and K{\"{o}}hler, Angela and Gottschaldt, Michael and Schubert, Ulrich S. and K{\"{u}}sel, Kirsten and Brakhage, Axel A.},
    number = {24},
    volume = {31},
    doi = {10.1002/adma.201900284},
    issn = {15214095},
    pmid = {30993782},
    keywords = {biomaterials, hybrid materials, living materials, microbial arena, microbial engineering, responsive materials, stimuli}
}

@article{Soai,
    title = {{Asymmetric autocatalysis and amplification of enantiomeric excess of a chiral molecule}},
    year = {1995},
    journal = {Nature},
    author = {Soai, Kenso and Shibata, Takanori and Morioka, Hiroshi and Choji, Kaori},
    number = {6559},
    month = {12},
    pages = {767--768},
    volume = {378},
    url = {http://www.nature.com/articles/378767a0},
    doi = {10.1038/378767a0},
    issn = {0028-0836},
    keywords = {Hiroshi Morioka, Kaori Choji, Kenso Soai, Takanori Shibata}
}

@article{Blackmond2020,
    title = {{Autocatalytic Models for the Origin of Biological Homochirality}},
    year = {2020},
    journal = {Chemical Reviews},
    author = {Blackmond, Donna G.},
    number = {11},
    pages = {4831--4847},
    volume = {120},
    doi = {10.1021/acs.chemrev.9b00557},
    issn = {15206890},
    pmid = {31797671}
}

@article{Wang2002,
    title = {{Autophosphorylation kinetics of protein kinases}},
    year = {2002},
    journal = {Biochemical Journal},
    author = {Wang, Zhi Xin and Wu, Jia Wei},
    number = {3},
    pages = {947--952},
    volume = {368},
    doi = {10.1042/BJ20020557},
    issn = {02646021},
    keywords = {Intermolecular autocatalytic reaction, Phosphorylation, Two-substrate reaction, p21-activated protein kinase}
}

@article{Turkina2019,
    title = {{Bacteria-Host Crosstalk: Sensing of the Quorum in the Context of Pseudomonas aeruginosa Infections}},
    year = {2019},
    journal = {Journal of Innate Immunity},
    author = {Turkina, Maria V. and Vikstr{\"{o}}m, Elena},
    number = {3},
    pages = {263--279},
    volume = {11},
    doi = {10.1159/000494069},
    issn = {16628128},
    pmid = {30428481},
    keywords = {Bacteria, Biofilms, Cell-to-cell signaling, Host-pathogen interactions, Innate immunity, Mucosal surfaces, N-acyl homoserine lactones, Proteogenomics, Pseudomonas aeruginosa, Quorum sensing}
}

@article{Abisado2018,
    title = {{Bacterial quorum sensing and microbial community interactions}},
    year = {2018},
    journal = {mBio},
    author = {Abisado, Rhea G. and Benomar, Saida and Klaus, Jennifer R. and Dandekar, Ajai A. and Chandler, Josephine R.},
    number = {3},
    pages = {1--13},
    volume = {9},
    doi = {10.1128/mBio.02331-17},
    issn = {21507511},
    pmid = {29789364},
    keywords = {Antibiotics, Coculture, Competition, Cooperation, Quorum sensing}
}

@article{Blanchard2015,
    title = {{Bacterial social interactions drive the emergence of differential spatial colony structures}},
    year = {2015},
    journal = {BMC Systems Biology},
    author = {Blanchard, Andrew E. and Lu, Ting},
    number = {1},
    pages = {1--13},
    volume = {9},
    publisher = {BMC Systems Biology},
    url = {http://dx.doi.org/10.1186/s12918-015-0188-5},
    doi = {10.1186/s12918-015-0188-5},
    issn = {17520509},
    pmid = {26377684},
    keywords = {Bacterial colonies, Community structures, Social interactions, Spatiotemporal patterns}
}

@article{Lugagne2017,
    title = {{Balancing a genetic toggle switch by real-time feedback control and periodic forcing}},
    year = {2017},
    journal = {Nature Communications},
    author = {Lugagne, Jean Baptiste and Sosa Carrillo, Sebastián and Kirch, Melanie and K{\"{o}}hler, Agnes and Batt, Gregory and Hersen, Pascal},
    number = {1},
    pages = {1--7},
    volume = {8},
    publisher = {Springer US},
    url = {http://dx.doi.org/10.1038/s41467-017-01498-0},
    isbn = {4146701701498},
    doi = {10.1038/s41467-017-01498-0},
    issn = {20411723},
    pmid = {29150615}
}

@article{Alber2013,
    title = {{Biomedical Modeling: The Role of Transport and Mechanics}},
    year = {2013},
    journal = {Bulletin of Mathematical Biology},
    author = {Alber, Mark and Maini, Philip K. and Niebur, Glen},
    number = {8},
    pages = {1233--1237},
    volume = {75},
    doi = {10.1007/s11538-013-9873-y},
    issn = {00928240},
    pmid = {23888390},
    keywords = {Adaptive mechanism, Computer simulation, Mechanics, Multi-scale modeling, Normal and abnormal tissue, Physiological systems}
}

@article{Joo2016,
    title = {{Biphasic activation of extracellular signal-regulated kinase (ERK) 1/2 in epidermal growth factor (EGF)-stimulated SW480 colorectal cancer cells}},
    year = {2016},
    journal = {BMB Reports},
    author = {Joo, Donghyun and Woo, Jong Soo and Cho, Kwang Hyun and Han, Seung Hyun and Min, Tae Sun and Yang, Deok Chun and Yun, Cheol Heui},
    number = {4},
    pages = {220--225},
    volume = {49},
    doi = {10.5483/BMBRep.2016.49.4.004},
    issn = {1976670X},
    pmid = {26879318},
    keywords = {Biphasic activation, Cancer cell survival, ERK pathway, SW480 cells, pERK translocation}
}

@article{Kim2015,
    title = {{Biphasic effects of FGF2 on adipogenesis}},
    year = {2015},
    journal = {PLoS ONE},
    author = {Kim, Sooho and Ahn, Chihoon and Bong, Naeun and Choe, Senyon and Lee, Dong Kun},
    number = {3},
    pages = {1--12},
    volume = {10},
    doi = {10.1371/journal.pone.0120073},
    issn = {19326203},
    pmid = {25790378}
}

@article{Suwanmajo2013,
    title = {{Biphasic responses in multi-site phosphorylation systems}},
    year = {2013},
    journal = {Journal of the Royal Society Interface},
    author = {Suwanmajo, Thapanar and Krishnan, J.},
    number = {89},
    volume = {10},
    doi = {10.1098/rsif.2013.0742},
    issn = {17425662},
    keywords = {Enzyme sequestration, Multi-site modification, Non-monotonic response, Shared enzyme, Signal processing, Substrate sequestration}
}

@article{Qiao2007,
    title = {{Bistability and oscillations in the Huang-Ferrell model of MAPK signaling}},
    year = {2007},
    journal = {PLoS Computational Biology},
    author = {Qiao, Liang and Nachbar, Robert B. and Kevrekidis, Ioannis G. and Shvartsman, Stanislav Y.},
    number = {9},
    pages = {1819--1826},
    volume = {3},
    doi = {10.1371/journal.pcbi.0030184},
    issn = {1553734X},
    pmid = {17907797}
}

@article{Helwig2018,
    title = {{Bottom-Up Construction of an Adaptive Enzymatic Reaction Network}},
    year = {2018},
    journal = {Angewandte Chemie - International Edition},
    author = {Helwig, Britta and van Sluijs, Bob and Pogodaev, Aleksandr A. and Postma, Sjoerd G.J. and Huck, Wilhelm T.S.},
    number = {43},
    pages = {14065--14069},
    volume = {57},
    doi = {10.1002/anie.201806944},
    issn = {15213773},
    keywords = {adaptation, enzymes, kinetics, out-of-equilibrium processes, reaction networks}
}

@article{Risau-Gusman2007,
    title = {{Bounding the quality of stochastic oscillations in population models}},
    year = {2007},
    journal = {European Physical Journal B},
    author = {Risau-Gusman, S. and Abramson, G.},
    number = {4},
    pages = {515--520},
    volume = {60},
    isbn = {2008000117},
    doi = {10.1140/epjb/e2008-00011-7},
    issn = {14346028},
    keywords = {02.50.Ey Stochastic processes, 05.40.-a Fluctuation phenomena, random processes,, 87.23.Cc population dynamics and ecological patter}
}

@article{Liu2016,
    title = {{Bridging physics and biology: Reply to comments on “Phase separation driven by density-dependent movement: A novel mechanism for ecological patterns”}},
    year = {2016},
    journal = {Physics of Life Reviews},
    author = {Liu, Quan Xing and Rietkerk, Max and Herman, Peter M.J. and Piersma, Theunis and Fryxell, John M. and van de Koppel, Johan},
    pages = {142--146},
    volume = {19},
    publisher = {Elsevier B.V.},
    url = {http://dx.doi.org/10.1016/j.plrev.2016.11.006},
    doi = {10.1016/j.plrev.2016.11.006},
    issn = {15710645},
    keywords = {Animal aggregation, Collective behavior, Phase separation, Self-organization}
}

@article{Menon2016,
    title = {{Bridging the gap between modules in isolation and as part of networks: A systems framework for elucidating interaction and regulation of signalling modules}},
    year = {2016},
    journal = {Journal of Chemical Physics},
    author = {Menon, Govind and Krishnan, J.},
    number = {3},
    volume = {145},
    doi = {10.1063/1.4953914},
    issn = {00219606},
    pmid = {27448907}
}

@article{Koivomagi2011,
    title = {{Cascades of multisite phosphorylation control Sic1 destruction at the onset of S phase}},
    year = {2011},
    journal = {Nature},
    author = {K{\"{o}}ivom{\"{a}}gi, Mardo and Valk, Ervin and Venta, Rainis and Iofik, Anna and Lepiku, Martin and Balog, Eva Rose M. and Rubin, Seth M. and Morgan, David O. and Loog, Mart},
    number = {7375},
    pages = {128--131},
    volume = {480},
    doi = {10.1038/nature10560},
    issn = {00280836},
    pmid = {21993622}
}

@article{Conradi2014,
    title = {{Catalytic constants enable the emergence of bistability in dual phosphorylation}},
    year = {2014},
    journal = {Journal of the Royal Society Interface},
    author = {Conradi, Carsten and Mincheva, Maya},
    number = {95},
    volume = {11},
    doi = {10.1098/rsif.2014.0158},
    issn = {17425662},
    pmid = {24647909},
    keywords = {Bistability, Catalytic constants, Dual phosphorylation, Multistationarity}
}

@article{Swaffer2016,
    title = {{CDK Substrate Phosphorylation and Ordering the Cell Cycle}},
    year = {2016},
    journal = {Cell},
    author = {Swaffer, Matthew P. and Jones, Andrew W. and Flynn, Helen R. and Snijders, Ambrosius P. and Nurse, Paul},
    number = {7},
    pages = {1750--1761},
    volume = {167},
    publisher = {Elsevier Inc.},
    url = {http://dx.doi.org/10.1016/j.cell.2016.11.034},
    doi = {10.1016/j.cell.2016.11.034},
    issn = {10974172},
    keywords = {CDK, S phase, cell cycle, cyclin-dependent kinase, kinase, mitosis, phosphoproteomics, phosphorylation}
}

@article{Smith2017,
    title = {{Cell morphology drives spatial patterning in microbial communities}},
    year = {2017},
    journal = {Proceedings of the National Academy of Sciences of the United States of America},
    author = {Smith, William P.J. and Davit, Yohan and Osborne, James M. and Kim, Wook D. and Foster, Kevin R. and Pitt-Francis, Joe M.},
    number = {3},
    pages = {E280-E286},
    volume = {114},
    doi = {10.1073/pnas.1613007114},
    issn = {10916490},
    pmid = {28039436},
    keywords = {Biofilms, Biophysics, Cell morphology, Self-organization, Synthetic biology}
}

@article{Dubuc2019,
    title = {{Cell-free microcompartmentalised transcription–translation for the prototyping of synthetic communication networks}},
    year = {2019},
    journal = {Current Opinion in Biotechnology},
    author = {Dubuc, Emilien and Pieters, Pascal A. and van der Linden, Ardjan J. and van Hest, Jan CM and Huck, Wilhelm TS and de Greef, Tom FA},
    pages = {72--80},
    volume = {58},
    publisher = {Elsevier Ltd},
    url = {https://doi.org/10.1016/j.copbio.2018.10.006},
    doi = {10.1016/j.copbio.2018.10.006},
    issn = {18790429},
    pmid = {30594098}
}

@article{Kholodenko2006,
    title = {{Cell-signalling dynamics in time and space}},
    year = {2006},
    journal = {Nature Reviews Molecular Cell Biology},
    author = {Kholodenko, Boris N.},
    number = {3},
    pages = {165--176},
    volume = {7},
    doi = {10.1038/nrm1838},
    issn = {14710072},
    pmid = {16482094}
}

@article{Harrington2013,
    title = {{Cellular compartments cause multistability and allow cells to process more information}},
    year = {2013},
    journal = {Biophysical Journal},
    author = {Harrington, Heather A. and Feliu, Elisenda and Wiuf, Carsten and Stumpf, Michael P.H.},
    doi = {10.1016/j.bpj.2013.02.028},
    issn = {00063495},
    pmid = {23601329}
}

@article{Dang2020,
    title = {{Cellular Dialogues: Cell-Cell Communication through Diffusible Molecules Yields Dynamic Spatial Patterns}},
    year = {2020},
    journal = {Cell Systems},
    author = {Dang, Yiteng and Grundel, Douwe A.J. and Youk, Hyun},
    number = {1},
    pages = {82--98},
    volume = {10},
    publisher = {Elsevier Inc.},
    url = {https://doi.org/10.1016/j.cels.2019.12.001},
    doi = {10.1016/j.cels.2019.12.001},
    issn = {24054720},
    pmid = {31954659},
    keywords = {cell-cell communication, cellular automata, complex systems, gene networks, multicellular systems, pattern formation, reaction-diffusion, self organization, spatial patterns, waves}
}

@article{Altschuler2010,
    title = {{Cellular Heterogeneity: Do Differences Make a Difference?}},
    year = {2010},
    journal = {Cell},
    author = {Altschuler, Steven J. and Wu, Lani F.},
    number = {4},
    pages = {559--563},
    volume = {141},
    doi = {10.1016/j.cell.2010.04.033},
    issn = {00928674},
    pmid = {20478246}
}

@article{Estrada2016,
    title = {{Cellular Interrogation: Exploiting Cell-to-Cell Variability to Discriminate Regulatory Mechanisms in Oscillatory Signalling}},
    year = {2016},
    journal = {PLoS Computational Biology},
    author = {Estrada, Javier and Andrew, Natalie and Gibson, Daniel and Chang, Frederick and Gnad, Florian and Gunawardena, Jeremy},
    number = {7},
    pages = {1--29},
    volume = {12},
    doi = {10.1371/journal.pcbi.1004995},
    issn = {15537358},
    pmid = {27367445}
}

@book{Staff2015,
    title = {{Cellular Signaling}},
    year = {2015},
    booktitle = {Mayo Clinic Neurology Board Review},
    author = {Staff, Nathan P.},
    pages = {213--220},
    isbn = {9780815345343},
    doi = {10.1093/med/9780190214883.003.0024}
}

@article{Hirsch2006,
    title = {{Chapter 4 Monotone Dynamical Systems}},
    year = {2006},
    journal = {Handbook of Differential Equations: Ordinary Differential Equations},
    author = {Hirsch, M. W. and Smith, Hal},
    pages = {239--357},
    volume = {2},
    isbn = {9780444520272},
    doi = {10.1016/S1874-5725(05)80006-9},
    issn = {18745725}
}

@article{Sawato2019,
    title = {{Chemical Systems Involving Two Competitive Self-Catalytic Reactions}},
    year = {2019},
    journal = {ACS Omega},
    author = {Sawato, Tsukasa and Saito, Nozomi and Yamaguchi, Masahiko},
    number = {3},
    pages = {5879--5899},
    volume = {4},
    doi = {10.1021/acsomega.9b00133},
    issn = {24701343}
}

@article{Martens2016,
    title = {{Chimera states in two populations with heterogeneous phase-lag}},
    year = {2016},
    journal = {Chaos},
    author = {Martens, Erik A. and Bick, Christian and Panaggio, Mark J.},
    number = {9},
    volume = {26},
    doi = {10.1063/1.4958930},
    issn = {10541500},
    arxivId = {1606.01871}
}

@article{Kondepudi2001,
    title = {{Chiral autocatalysis, spontaneous symmetry breaking, and stochastic behavior}},
    year = {2001},
    journal = {Accounts of Chemical Research},
    author = {Kondepudi, D. K. and Asakura, K.},
    number = {12},
    pages = {946--954},
    volume = {34},
    doi = {10.1021/ar010089t},
    issn = {00014842}
}

@article{Isojima2009,
    title = {{CKI{$\epsilon$}/{$\delta$}-dependent phosphorylation is a temperature-insensitive, period-determining process in the mammalian circadian clock}},
    year = {2009},
    journal = {Proceedings of the National Academy of Sciences of the United States of America},
    author = {Isojima, Yasushi and Nakajima, Masato and Ukai, Hideki and Fujishima, Hiroshi and Yamada, Rikuhiro G. and Masumoto, Koh Hei and Kiuchi, Reiko and Ishida, Mayumi and Ukai-Tadenuma, Maki and Minami, Yoichi and Kito, Ryotaku and Nakao, Kazuki and Kishimoto, Wataru and Yoo, Seung Hee and Shimomura, Kazuhiro and Takao, Toshifumi and Takano, Atsuko and Kojima, Toshio and Nagai, Katsuya and Sakaki, Yoshiyuki and Takahashi, Joseph S. and Ueda, Hiroki R.},
    number = {37},
    pages = {15744--15749},
    volume = {106},
    doi = {10.1073/pnas.0908733106},
    issn = {00278424},
    pmid = {19805222},
    keywords = {Chemical biological approach, Temperature compensation}
}

@article{McGrath2013,
    title = {{Cks confers specificity to phosphorylation-dependent CDK signaling pathways}},
    year = {2013},
    journal = {Nature Structural and Molecular Biology},
    author = {McGrath, Denise A. and Balog, Eva Rose M. and Kõivom{\"{a}}gi, Mardo and Lucena, Rafael and Mai, Michelle V. and Hirschi, Alexander and Kellogg, Douglas R. and Loog, Mart and Rubin, Seth M.},
    number = {12},
    pages = {1407--1414},
    volume = {20},
    publisher = {Nature Publishing Group},
    doi = {10.1038/nsmb.2707},
    issn = {15459993}
}

@article{Goers2014a,
    title = {{Co-culture systems and technologies: Taking synthetic biology to the next level}},
    year = {2014},
    journal = {Journal of the Royal Society Interface},
    author = {Goers, Lisa and Freemont, Paul and Polizzi, Karen M.},
    number = {96},
    volume = {11},
    doi = {10.1098/rsif.2014.0065},
    issn = {17425662},
    keywords = {Cell-cell interaction, Co-culture, Intercellular communication, Microbial consortia, Mixed cultures, Synthetic biology}
}

@article{Goers2014,
    title = {{Co-culture systems and technologies: Taking synthetic biology to the next level}},
    year = {2014},
    journal = {Journal of the Royal Society Interface},
    author = {Goers, Lisa and Freemont, Paul and Polizzi, Karen M.},
    number = {96},
    volume = {11},
    doi = {10.1098/rsif.2014.0065},
    issn = {17425662},
    keywords = {Cell-cell interaction, Co-culture, Intercellular communication, Microbial consortia, Mixed cultures, Synthetic biology}
}

@article{Perez-Carrasco2018,
    title = {{Combining a Toggle Switch and a Repressilator within the AC-DC Circuit Generates Distinct Dynamical Behaviors}},
    year = {2018},
    journal = {Cell Systems},
    author = {Perez-Carrasco, Ruben and Barnes, Chris P. and Schaerli, Yolanda and Isalan, Mark and Briscoe, James and Page, Karen M.},
    number = {4},
    pages = {521--530},
    volume = {6},
    doi = {10.1016/j.cels.2018.02.008},
    issn = {24054720},
    pmid = {29574056},
    keywords = {coherence, coherence resonance, dynamical systems, excitable systems, gene regulatory networks, multifunctional circuits, multistability, oscillations, synthetic biology}
}

@book{Osborne2017,
    title = {{Comparing individual-based approaches to modelling the self-organization of multicellular tissues}},
    year = {2017},
    booktitle = {PLoS Computational Biology},
    author = {Osborne, James M. and Fletcher, Alexander G. and Pitt-Francis, Joe M. and Maini, Philip K. and Gavaghan, David J.},
    number = {2},
    pages = {1--34},
    volume = {13},
    url = {http://dx.doi.org/10.1371/journal.pcbi.1005387},
    isbn = {1111111111},
    doi = {10.1371/journal.pcbi.1005387},
    issn = {15537358},
    pmid = {28192427}
}

@article{Heiske2017,
    title = {{Comprehensive mathematical model of oxidative phosphorylation valid for physiological and pathological conditions}},
    year = {2017},
    journal = {FEBS Journal},
    author = {Heiske, Margit and Letellier, Thierry and Klipp, Edda},
    number = {17},
    pages = {2802--2828},
    volume = {284},
    doi = {10.1111/febs.14151},
    issn = {17424658},
    pmid = {28646582},
    keywords = {enzyme kinetics, mathematical modeling, oxidative phosphorylation, proton motive force, threshold curves}
}

@article{Gal2015,
    title = {{Computational Methods in Dynamical Systems and Advanced Examples}},
    year = {2015},
    author = {Gal, Jorge and Mac, Emilio Freire},
    number = {July}
}

@article{Montoya2019,
    title = {{Computing the Parameter Values for the Emergence of Homochirality in Complex Networks}},
    year = {2019},
    journal = {Life},
    author = {Montoya, Andrés and Cruz, Elkin and {\'{A}}greda, Jesús},
    number = {3},
    pages = {74},
    volume = {9},
    isbn = {5713165000},
    doi = {10.3390/life9030074},
    issn = {2075-1729},
    keywords = {algorithmic problems, mirror symmetry-breaking, models of biological homochirality, semialgebraic definitions, stoichiometric network analysis}
}

@article{Barbier2020,
    title = {{Controlling spatiotemporal pattern formation in a concentration gradient with a synthetic toggle switch}},
    year = {2020},
    journal = {Molecular Systems Biology},
    author = {Barbier, Içvara and Perez‐Carrasco, Rubén and Schaerli, Yolanda},
    number = {6},
    pages = {1--15},
    volume = {16},
    doi = {10.15252/msb.20199361},
    issn = {1744-4292},
    pmid = {32529808},
    keywords = {biology, bistability, computational, dynamical systems, formation, gene regulatory networks, host pathogen interaction, microbiology, pattern, subject categories biotechnology, synthetic biology, virology}
}

@article{Ebrahimi2019,
    title = {{Cooperation and spatial self-organization determine rate and efficiency of particulate organic matter degradation in marine bacteria}},
    year = {2019},
    journal = {Proceedings of the National Academy of Sciences of the United States of America},
    author = {Ebrahimi, Ali and Schwartzman, Julia and Cordero, Otto X.},
    number = {46},
    pages = {23309--23316},
    volume = {116},
    doi = {10.1073/pnas.1908512116},
    issn = {10916490},
    pmid = {31666322},
    keywords = {Marine microbe, Microbial cooperation, Particulate organic matter, Public goods, Self-organization}
}

@article{Cavaliere2017,
    title = {{Cooperation in microbial communities and their biotechnological applications}},
    year = {2017},
    journal = {Environmental Microbiology},
    author = {Cavaliere, Matteo and Feng, Song and Soyer, Orkun S. and Jim{\'{e}}nez, José I.},
    number = {8},
    pages = {2949--2963},
    volume = {19},
    doi = {10.1111/1462-2920.13767},
    issn = {14622920},
    pmid = {28447371}
}

@article{Cremer2019,
    title = {{Cooperation in Microbial Populations: Theory and Experimental Model Systems}},
    year = {2019},
    journal = {Journal of Molecular Biology},
    author = {Cremer, J. and Melbinger, A. and Wienand, K. and Henriquez, T. and Jung, H. and Frey, E.},
    number = {23},
    pages = {4599--4644},
    volume = {431},
    publisher = {Elsevier Ltd},
    url = {https://doi.org/10.1016/j.jmb.2019.09.023},
    doi = {10.1016/j.jmb.2019.09.023},
    issn = {10898638},
    pmid = {31634468},
    arxivId = {1909.11338},
    keywords = {Demographic noise, Evolutionary game theory, Pseudomonas, Public good, Structured populations}
}

@article{Hoops2006,
    title = {{COPASI - A COmplex PAthway SImulator}},
    year = {2006},
    journal = {Bioinformatics},
    author = {Hoops, Stefan and Gauges, Ralph and Lee, Christine and Pahle, Jürgen and Simus, Natalia and Singhal, Mudita and Xu, Liang and Mendes, Pedro and Kummer, Ursula},
    number = {24},
    pages = {3067--3074},
    volume = {22},
    doi = {10.1093/bioinformatics/btl485},
    issn = {13674803},
    pmid = {17032683}
}

@article{COPASI,
    title = {{COPASI--a COmplex PAthway SImulator}},
    year = {2006},
    journal = {Bioinformatics},
    author = {Hoops, Stefan and Sahle, Sven and Gauges, Ralph and Lee, Christine and Pahle, Jürgen and Simus, Natalia and Singhal, Mudita and Xu, Liang and Mendes, Pedro and Kummer, Ursula},
    number = {24},
    month = {12},
    pages = {3067--3074},
    volume = {22},
    url = {https://dx.doi.org/10.1093/bioinformatics/btl485 https://academic.oup.com/bioinformatics/article-lookup/doi/10.1093/bioinformatics/btl485},
    doi = {10.1093/bioinformatics/btl485},
    issn = {1367-4803}
}

@article{Alam-Nazki2013,
    title = {{Covalent modification cycles through the spatial prism}},
    year = {2013},
    journal = {Biophysical Journal},
    author = {Alam-Nazki, Aiman and Krishnan, J.},
    number = {7},
    pages = {1720--1731},
    volume = {105},
    publisher = {Biophysical Society},
    url = {http://dx.doi.org/10.1016/j.bpj.2013.06.050},
    doi = {10.1016/j.bpj.2013.06.050},
    issn = {00063495}
}

@article{Talk2019,
    title = {{crossm}},
    year = {2019},
    author = {Talk, Interspecies Cross},
    number = {2},
    pages = {1--14},
    volume = {10},
    keywords = {2019, acyl-homoserine lactone, and the, bacterial communication, citation wellington s, gene regulation, greenberg ep, quorum sensing signal selectivity, transcription factors}
}

@article{Su2012,
    title = {{Cyclic Scheduling of Cracking Furnaces System with Real Operational Characters}},
    year = {2012},
    journal = {Computer Aided Chemical Engineering},
    author = {Su, Lijie and Tang, Lixin},
    number = {July},
    pages = {650--654},
    volume = {31},
    doi = {10.1016/B978-0-444-59507-2.50122-0},
    issn = {15707946},
    keywords = {Cyclic Scheduling, Ethylene Cracking Furnace, MINLP, Outer Approximation}
}

@article{Mok2010,
    title = {{Deciphering protein kinase specificity through large-scale analysis of yeast phosphorylation site motifs}},
    year = {2010},
    journal = {Science Signaling},
    author = {Mok, Janine and Kim, Philip M. and Lam, Hugo Y.K. and Piccirillo, Stacy and Zhou, Xiuqiong and Jeschke, Grace R. and Sheridan, Douglas L. and Parker, Sirlester A. and Desai, Ved and Jwa, Miri and Cameroni, Elisabetta and Niu, Hengyao and Good, Matthew and Remenyi, Attila and Ma, Jia Lin Nianhan and Sheu, Yi Jun and Sassi, Holly E. and Sopko, Richelle and Chan, Clarence S.M. and De Virgilio, Claudio and Hollingsworth, Nancy M. and Lim, Wendell A. and Stern, David F. and Stillman, Bruce and Andrews, Brenda J. and Gerstein, Mark B. and Snyder, Michael and Turk, Benjamin E.},
    number = {109},
    pages = {1--14},
    volume = {3},
    doi = {10.1126/scisignal.2000482},
    issn = {19450877},
    pmid = {20159853}
}

@article{Lossl2016,
    title = {{Deciphering the interplay among multisite phosphorylation, interaction dynamics, and conformational transitions in a tripartite protein system}},
    year = {2016},
    journal = {ACS Central Science},
    author = {L{\"{o}}ssl, Philip and Brunner, Andrea M. and Liu, Fan and Leney, Aneika C. and Yamashita, Masami and Scheltema, Richard A. and Heck, Albert J.R.},
    number = {7},
    pages = {445--455},
    volume = {2},
    doi = {10.1021/acscentsci.6b00053},
    issn = {23747951}
}

@article{Kanodia2014,
    title = {{Deciphering the mechanism behind Fibroblast Growth Factor (FGF) induced biphasic signal-response profiles}},
    year = {2014},
    journal = {Cell Communication and Signaling},
    author = {Kanodia, Jitendra and Chai, Diana and Vollmer, Jannik and Kim, Jaeyeon and Raue, Andreas and Finn, Greg and Schoeberl, Birgit},
    number = {1},
    pages = {1--18},
    volume = {12},
    doi = {10.1186/1478-811X-12-34},
    issn = {1478811X},
    pmid = {24885272},
    keywords = {Biphasic response, FGF signaling pathway, HSGAGs, High throughput quantification, ODE-modeling, Particle swarm optimization}
}

@article{Page2018,
    title = {{Degradation rate uniformity determines success of oscillations in repressive feedback regulatory networks}},
    year = {2018},
    journal = {arXiv},
    author = {Page, Karen M. and Perez-Carrasco, Ruben},
    issn = {23318422},
    arxivId = {1802.05946},
    keywords = {biomathematics, synthetic, systems biology}
}

@article{Liao2017,
    title = {{Delta-Notch signalling in segmentation}},
    year = {2017},
    journal = {Arthropod Structure and Development},
    author = {Liao, Bo Kai and Oates, Andrew C.},
    number = {3},
    pages = {429--447},
    volume = {46},
    publisher = {Elsevier Ltd},
    url = {http://dx.doi.org/10.1016/j.asd.2016.11.007},
    doi = {10.1016/j.asd.2016.11.007},
    issn = {18735495},
    keywords = {Clock and wavefront model, Delta-Notch, Doppler effect, Patterning, Somitogenesis}
}

@article{Jagmann2014,
    title = {{Design of synthetic microbial communities for biotechnological production processes}},
    year = {2014},
    journal = {Journal of Biotechnology},
    author = {Jagmann, Nina and Philipp, Bodo},
    pages = {209--218},
    volume = {184},
    publisher = {Elsevier B.V.},
    url = {http://dx.doi.org/10.1016/j.jbiotec.2014.05.019},
    doi = {10.1016/j.jbiotec.2014.05.019},
    issn = {18734863},
    pmid = {24943116}
}

@article{Menon2019,
    title = {{Design Principles for Compartmentalization and Spatial Organization of Synthetic Genetic Circuits}},
    year = {2019},
    journal = {ACS Synthetic Biology},
    author = {Menon, Govind and Krishnan, J.},
    number = {7},
    pages = {1601--1619},
    volume = {8},
    doi = {10.1021/acssynbio.8b00522},
    issn = {21615063},
    pmid = {31257861},
    keywords = {adaptation, cell-free systems, communication, compartmentalization, spatial design, systems analysis}
}

@article{Shinar2011,
    title = {{Design principles for robust biochemical reaction networks: What works, what cannot work, and what might almost work}},
    year = {2011},
    journal = {Mathematical Biosciences},
    author = {Shinar, Guy and Feinberg, Martin},
    number = {1},
    month = {5},
    pages = {39--48},
    volume = {231},
    publisher = {Elsevier Inc.},
    url = {http://dx.doi.org/10.1016/j.mbs.2011.02.012 https://linkinghub.elsevier.com/retrieve/pii/S0025556411000307},
    doi = {10.1016/j.mbs.2011.02.012},
    issn = {00255564},
    pmid = {21377478},
    keywords = {Design principles, Network, Reaction network, Robust, Systems biology}
}

@article{Ode2018,
    title = {{Design principles of phosphorylation-dependent timekeeping in eukaryotic circadian clocks}},
    year = {2018},
    journal = {Cold Spring Harbor Perspectives in Biology},
    author = {Ode, Koji L. and Ueda, Hiroki R.},
    number = {8},
    volume = {10},
    doi = {10.1101/cshperspect.a028357},
    issn = {19430264}
}

@article{Kong2018,
    title = {{Designing microbial consortia with defined social interactions}},
    year = {2018},
    journal = {Nature Chemical Biology},
    author = {Kong, Wentao and Meldgin, David R. and Collins, James J. and Lu, Ting},
    number = {8},
    pages = {821--829},
    volume = {14},
    publisher = {Springer US},
    url = {http://dx.doi.org/10.1038/s41589-018-0091-7},
    doi = {10.1038/s41589-018-0091-7},
    issn = {15524469}
}

@article{Tei2019,
    title = {{Designing Spatially Distributed Gene Regulatory Networks to Elicit Contrasting Patterns}},
    year = {2019},
    journal = {ACS Synthetic Biology},
    author = {Tei, Mika and Perkins, Melinda Liu and Hsia, Justin and Arcak, Murat and Arkin, Adam Paul},
    number = {1},
    pages = {119--126},
    volume = {8},
    publisher = {American Chemical Society},
    doi = {10.1021/acssynbio.8b00377},
    issn = {21615063},
    pmid = {30540439},
    keywords = {lateral inhibition, pattern formation, synthetic biology, systems biology}
}

@article{Errami2015,
    title = {{Detection of hopf bifurcations in chemical reaction networks using convex coordinates}},
    year = {2015},
    journal = {Journal of Computational Physics},
    author = {Errami, Hassan and Eiswirth, Markus and Grigoriev, Dima and Seiler, Werner M. and Sturm, Thomas and Weber, Andreas},
    pages = {279--302},
    volume = {291},
    publisher = {Elsevier Inc.},
    url = {http://dx.doi.org/10.1016/j.jcp.2015.02.050},
    doi = {10.1016/j.jcp.2015.02.050},
    issn = {10902716},
    keywords = {Chemical reaction networks, Convex coordinates, Hopf bifurcation, Stoichiometric network analysis}
}

@article{Kushida2017,
    title = {{Deterministic and Stochastic Chiral Symmetry Breaking Exhibited by Racemic Aminomethylenehelicene Oligomers}},
    year = {2017},
    journal = {Chemistry - A European Journal},
    author = {Kushida, Yo and Sawato, Tsukasa and Shigeno, Masanori and Saito, Nozomi and Yamaguchi, Masahiko},
    number = {2},
    pages = {327--333},
    volume = {23},
    doi = {10.1002/chem.201601792},
    issn = {15213765},
    pmid = {27440722},
    keywords = {chiral symmetry breaking, circular dichroism, double helix, helicenes, self-assembly}
}

@phdthesis{Menon2018,
    title = {{Dissection of modularity and spatial organisation in natural and engineered cellular contexts: Systems analysis at the junction of systems and synthetic biology}},
    year = {2018},
    author = {Menon, Govind}
}

@article{Thill2014,
    title = {{Dynamic disorder and the energetic costs of information transduction}},
    year = {2014},
    journal = {Journal of Chemical Physics},
    author = {Thill, Peter},
    number = {1},
    pages = {1--9},
    volume = {141},
    url = {http://dx.doi.org/10.1063/1.4885725},
    doi = {10.1063/1.4885725},
    issn = {00219606}
}

@article{Guantes2006,
    title = {{Dynamical principles of two-component genetic oscillators}},
    year = {2006},
    journal = {PLoS Computational Biology},
    author = {Guantes, Raúl and Poyatos, Juan F.},
    number = {3},
    pages = {188--197},
    volume = {2},
    doi = {10.1371/journal.pcbi.0020030},
    issn = {1553734X},
    pmid = {16604190}
}

@article{Xie2020,
    title = {{Dynamics of ATP-dependent and ATP-independent steppings of myosin-V on actin: Catch-bond characteristics}},
    year = {2020},
    journal = {Journal of the Royal Society Interface},
    author = {Xie, Ping},
    number = {165},
    volume = {17},
    doi = {10.1098/rsif.2020.0029},
    issn = {17425662},
    pmid = {32259459},
    keywords = {Catch bond, Molecular motor, Myosin-V, Run length, Unbinding rate}
}

@article{Conradi2018,
    title = {{Dynamics of Posttranslational Modification Systems: Recent Progress and Future Directions}},
    year = {2018},
    journal = {Biophysical Journal},
    author = {Conradi, Carsten and Shiu, Anne},
    number = {3},
    pages = {507--515},
    volume = {114},
    publisher = {Biophysical Society},
    url = {https://doi.org/10.1016/j.bpj.2017.11.3787},
    doi = {10.1016/j.bpj.2017.11.3787},
    issn = {15420086},
    pmid = {29414696}
}

@article{Wolf1997,
    title = {{Dynamics of two-component biochemical systems in interacting cells; Synchronization and desynchronization of oscillations and multiple steady states}},
    year = {1997},
    journal = {BioSystems},
    author = {Wolf, Jana and Heinrich, Reinhart},
    number = {1},
    pages = {1--24},
    volume = {43},
    doi = {10.1016/S0303-2647(97)01688-2},
    issn = {03032647},
    keywords = {Cell population, Metabolic oscillation, Stability bifurcation, Synchronization}
}

@article{Bauer2017,
    title = {{Ecological feedback in quorum-sensing microbial populations can induce heterogeneous production of autoinducers}},
    year = {2017},
    journal = {eLife},
    author = {Bauer, Matthias and Knebel, Johannes and Lechner, Matthias and Pickl, Peter and Frey, Erwin},
    pages = {1--38},
    volume = {6},
    doi = {10.7554/eLife.25773},
    issn = {2050084X},
    pmid = {28741470}
}

@article{Kosmachevskaya2019,
    title = {{Electrophilic Signaling: The Role of Reactive Carbonyl Compounds}},
    year = {2019},
    journal = {Biochemistry (Moscow)},
    author = {Kosmachevskaya, O. V. and Shumaev, K. B. and Topunov, A. F.},
    pages = {206--224},
    volume = {84},
    isbn = {0006297919},
    doi = {10.1134/S0006297919140128},
    issn = {16083040},
    pmid = {31213203},
    keywords = {electrophilic metabolites, hormesis, intracellular signaling, reactive carbonyl compounds}
}

@article{Kuznetsov1998,
    title = {{Elements of Applied Bifurcation Theory, Second Edition}},
    year = {1998},
    author = {Kuznetsov, Yuri A},
    pages = {614},
    url = {http://wwwf.imperial.ac.uk/~dturaev/kuznetsov.pdf}
}

@article{Nazki2015,
    title = {{Elucidating the spatial organization and control of information processing in cell signalling networks : from network and enzymatic building blocks to concrete systems Aiman Alam Nazki}},
    year = {2015},
    author = {Nazki, Aiman Alam}
}

@article{Purvis2013,
    title = {{Encoding and decoding cellular information through signaling dynamics}},
    year = {2013},
    journal = {Cell},
    author = {Purvis, Jeremy E. and Lahav, Galit},
    number = {5},
    pages = {945--956},
    volume = {152},
    publisher = {Elsevier Inc.},
    url = {http://dx.doi.org/10.1016/j.cell.2013.02.005},
    doi = {10.1016/j.cell.2013.02.005},
    issn = {00928674},
    pmid = {23452846}
}

@article{Blagovic2013,
    title = {{Engineering cell-cell signaling}},
    year = {2013},
    journal = {Current Opinion in Biotechnology},
    author = {Blagovic, Katarina and Gong, Emily S. and Milano, Daniel F. and Natividad, Robert J. and Asthagiri, Anand R.},
    number = {5},
    pages = {940--947},
    volume = {24},
    publisher = {Elsevier Ltd},
    url = {http://dx.doi.org/10.1016/j.copbio.2013.05.007},
    doi = {10.1016/j.copbio.2013.05.007},
    issn = {09581669}
}

@article{Pai2009,
    title = {{Engineering multicellular systems by cell-cell communication}},
    year = {2009},
    journal = {Current Opinion in Biotechnology},
    author = {Pai, Anand and Tanouchi, Yu and Collins, Cynthia H. and You, Lingchong},
    number = {4},
    pages = {461--470},
    volume = {20},
    doi = {10.1016/j.copbio.2009.08.006},
    issn = {09581669}
}

@article{Hochberg2019,
    title = {{Entropic Analysis of Mirror Symmetry Breaking in Chiral Hypercycles}},
    year = {2019},
    journal = {Life},
    author = {Hochberg, David and Rib{\'{o}}, Josep},
    number = {1},
    month = {3},
    pages = {28},
    volume = {9},
    url = {https://www.mdpi.com/2075-1729/9/1/28},
    doi = {10.3390/life9010028},
    issn = {2075-1729},
    keywords = {Chiral replicators, Entropy production, General evolution criterion, Non-equilibrium thermodynamics, Spontaneous mirror symmetry breaking, Stoichiometric network analysis}
}

@article{Waldherr2009,
    title = {{Estimation of biochemical network parameter distributions in cell populations}},
    year = {2009},
    journal = {IFAC Proceedings Volumes},
    author = {Waldherr, Steffen and Hasenauer, Jan and Allg{\"{o}}wer, Frank},
    number = {10},
    pages = {1265--1270},
    volume = {42},
    isbn = {9783902661470},
    doi = {10.3182/20090706-3-fr-2004.00210},
    issn = {14746670},
    keywords = {estimation of probability distribution, population models, tnf signalling}
}

@article{Pfeiffer2004,
    title = {{Evolution of cross-feeding in microbial populations.}},
    year = {2004},
    journal = {The American naturalist},
    author = {Pfeiffer, Thomas and Bonhoeffer, Sebastian},
    number = {6},
    volume = {163},
    doi = {10.1086/383593},
    issn = {15375323},
    pmid = {15266392},
    keywords = {chemostat, cross-feeding, energy, experimental evolution}
}

@article{Gillespie1977,
    title = {{Exact stochastic simulation of coupled chemical reactions}},
    year = {1977},
    journal = {Journal of Physical Chemistry},
    author = {Gillespie, Daniel T.},
    number = {25},
    pages = {2340--2361},
    volume = {81},
    doi = {10.1021/j100540a008},
    issn = {00223654}
}

@article{Albeck2018,
    title = {{Experimental and engineering approaches to intracellular communication}},
    year = {2018},
    journal = {Essays in Biochemistry},
    author = {Albeck, John G. and Pargett, Michael and Davies, Alexander E.},
    number = {4},
    pages = {515--524},
    volume = {62},
    doi = {10.1042/EBC20180024},
    issn = {00711365},
    pmid = {30139878}
}

@article{Suwanmajo2020,
    title = {{Exploring cyclic networks of multisite modification reveals origins of information processing characteristics}},
    year = {2020},
    journal = {Scientific Reports},
    author = {Suwanmajo, Thapanar and Ramesh, Vaidhiswaran and Krishnan, J.},
    number = {1},
    pages = {1--18},
    volume = {10},
    publisher = {Nature Publishing Group UK},
    url = {https://doi.org/10.1038/s41598-020-73045-9},
    isbn = {0123456789},
    doi = {10.1038/s41598-020-73045-9},
    issn = {20452322},
    pmid = {33024185}
}

@article{Ramesh,
    title = {{Exploring symmetry breaking in post-translational modification systems}},
    author = {Ramesh, Vaidhiswaran and Krishnan, J},
    pages = {1--29}
}

@article{Suwanmajo2018,
    title = {{Exploring the intrinsic behaviour of multisite phosphorylation systems as part of signalling pathways}},
    year = {2018},
    journal = {Journal of the Royal Society Interface},
    author = {Suwanmajo, Thapanar and Krishnan, J.},
    number = {143},
    volume = {15},
    doi = {10.1098/rsif.2018.0109},
    issn = {17425662},
    pmid = {29950514},
    keywords = {Enzyme activation, Information processing, Multisite modification, Multistability, Oscillations, Signalling pathway}
}

@book{Feinberg2019,
    title = {{Foundations of chemical reaction network theory}},
    year = {2019},
    booktitle = {Applied Mathematical Sciences (Switzerland)},
    author = {Feinberg, Martin},
    pages = {i-454},
    volume = {202},
    isbn = {9783030038571},
    doi = {10.1007/978-3-030-03858-8},
    issn = {2196968X}
}

@article{Crusats2009,
    title = {{Frank model and spontaneous emergence of chirality in closed systems}},
    year = {2009},
    journal = {ChemPhysChem},
    author = {Crusats, Joaquim and Hochberg, David and Moyano, Albert and Rib{\'{o}}, Josep M.},
    number = {12},
    pages = {2123--2131},
    volume = {10},
    doi = {10.1002/cphc.200900181},
    issn = {14397641},
    pmid = {19504530},
    keywords = {Asymmetric amplification, Asymmetric synthesis autocatalysis chira lity, Enantioselectivity}
}

@article{Karkaria2020,
    title = {{From Microbial Communities to Distributed Computing Systems}},
    year = {2020},
    journal = {Frontiers in Bioengineering and Biotechnology},
    author = {Karkaria, Behzad D. and Treloar, Neythen J. and Barnes, Chris P. and Fedorec, Alex J.H.},
    number = {July},
    pages = {1--22},
    volume = {8},
    doi = {10.3389/fbioe.2020.00834},
    issn = {22964185},
    keywords = {biological computing, biotechnology, microbial consortia, multicellular systems, synthetic biology}
}

@article{Walker2008,
    title = {{From pathway to population - A multiscale model of juxtacrine EGFR-MAPK signalling}},
    year = {2008},
    journal = {BMC Systems Biology},
    author = {Walker, D. C. and Georgopoulos, N. T. and Southgate, J.},
    pages = {1--17},
    volume = {2},
    doi = {10.1186/1752-0509-2-102},
    issn = {17520509},
    pmid = {19036127}
}

@phdthesis{Paladugu2011,
    title = {{FUNCTIONAL INFERENCE FROM MOLECULAR NETWORKS IN SYSTEMS BIOLOGY BY}},
    year = {2011},
    author = {Paladugu, S R I R}
}

@article{Suderman2017,
    title = {{Fundamental trade-offs between information flow in single cells and cellular populations}},
    year = {2017},
    journal = {Proceedings of the National Academy of Sciences of the United States of America},
    author = {Suderman, Ryan and Bachman, John A. and Smith, Adam and Sorger, Peter K. and Deeds, Eric J.},
    number = {22},
    pages = {5755--5760},
    volume = {114},
    doi = {10.1073/pnas.1615660114},
    issn = {10916490},
    pmid = {28500273},
    keywords = {Apoptosis, Cellular heterogeneity, Information theory, Signal transduction}
}

@article{Suderman2017a,
    title = {{Fundamental trade-offs between information flow in single cells and cellular populations}},
    year = {2017},
    journal = {Proceedings of the National Academy of Sciences of the United States of America},
    author = {Suderman, Ryan and Bachman, John A. and Smith, Adam and Sorger, Peter K. and Deeds, Eric J.},
    number = {22},
    pages = {5755--5760},
    volume = {114},
    doi = {10.1073/pnas.1615660114},
    issn = {10916490},
    pmid = {28500273},
    keywords = {Apoptosis, Cellular heterogeneity, Information theory, Signal transduction}
}

@article{Hatakeyama2012,
    title = {{Generic temperature compensation of biological clocks by autonomous regulation of catalyst concentration}},
    year = {2012},
    journal = {Proceedings of the National Academy of Sciences of the United States of America},
    author = {Hatakeyama, Tetsuhiro S. and Kaneko, Kunihiko},
    number = {21},
    pages = {8109--8114},
    volume = {109},
    doi = {10.1073/pnas.1120711109},
    issn = {00278424},
    pmid = {22566655},
    keywords = {Adaptation, Catalytic network, Circadian rhythm, Enzyme-limited competition, Kai protein}
}

@article{Niewiadomski2014,
    title = {{Gli protein activity is controlled by multisite phosphorylation in vertebrate hedgehog signaling}},
    year = {2014},
    journal = {Cell Reports},
    author = {Niewiadomski, Pawel and Kong, Jennifer H. and Ahrends, Robert and Ma, Yan and Humke, Eric W. and Khan, Sohini and Teruel, Mary N. and Novitch, Bennett G. and Rohatgi, Rajat},
    number = {1},
    pages = {168--181},
    volume = {6},
    publisher = {The Authors},
    url = {http://dx.doi.org/10.1016/j.celrep.2013.12.003},
    doi = {10.1016/j.celrep.2013.12.003},
    issn = {22111247},
    pmid = {24373970}
}

@article{Ghaemmaghami2003a,
    title = {{Global analysis of protein expression in yeast}},
    year = {2003},
    journal = {Nature},
    author = {Ghaemmaghami, Sina and Huh, Won Ki and Bower, Kiowa and Howson, Russell W. and Belle, Archana and Dephoure, Noah and O'Shea, Erin K. and Weissman, Jonathan S.},
    number = {6959},
    pages = {737--741},
    volume = {425},
    doi = {10.1038/nature02046},
    issn = {00280836},
    pmid = {14562106}
}

@article{Chen2018,
    title = {{Heterogeneity-induced effects for pulse dynamics in FitzHugh–Nagumo-type systems}},
    year = {2018},
    journal = {Physica D: Nonlinear Phenomena},
    author = {Chen, Chao Nien and Ei, Shin Ichiro and Tzeng, Shyuh yaur},
    pages = {22--32},
    volume = {382-383},
    publisher = {Elsevier B.V.},
    url = {https://doi.org/10.1016/j.physd.2018.07.001},
    doi = {10.1016/j.physd.2018.07.001},
    issn = {01672789},
    keywords = {FitzHugh–Nagumo system, Heterogeneity effect, Pulse, Reaction–diffusion system}
}

@article{Mickalide2019,
    title = {{Higher-Order Interaction between Species Inhibits Bacterial Invasion of a Phototroph-Predator Microbial Community}},
    year = {2019},
    journal = {Cell Systems},
    author = {Mickalide, Harry and Kuehn, Seppe},
    number = {6},
    pages = {521--533},
    volume = {9},
    publisher = {Elsevier},
    url = {http://dx.doi.org/10.1016/j.cels.2019.11.004},
    doi = {10.1016/j.cels.2019.11.004},
    issn = {24054720},
    keywords = {ecological modeling, ecology, higher-order interactions, microbial ecology, physics of living systems, population dynamics}
}

@article{Marijuan2018,
    title = {{How prokaryotes ‘encode’ their environment: Systemic tools for organizing the information flow}},
    year = {2018},
    journal = {BioSystems},
    author = {Mariju{\'{a}}n, Pedro C. and Navarro, Jorge and del Moral, Raquel},
    pages = {26--38},
    volume = {164},
    publisher = {Elsevier Ireland Ltd},
    url = {http://dx.doi.org/10.1016/j.biosystems.2017.10.002},
    doi = {10.1016/j.biosystems.2017.10.002},
    issn = {18728324},
    keywords = {1-2-3 component systems, Code biology, Coding spectrum, Eukaryotic signaling, Information flow, Informational architectures, Prokaryotic signaling}
}

@article{Conradi2017,
    title = {{Identifying parameter regions for multistationarity}},
    year = {2017},
    journal = {PLoS Computational Biology},
    author = {Conradi, Carsten and Feliu, Elisenda and Mincheva, Maya and Wiuf, Carsten},
    number = {10},
    volume = {13},
    isbn = {1111111111},
    doi = {10.1371/journal.pcbi.1005751},
    issn = {15537358},
    pmid = {28972969},
    arxivId = {1608.03993}
}

@article{Conradi2017a,
    title = {{Identifying parameter regions for multistationarity}},
    year = {2017},
    journal = {PLoS Computational Biology},
    author = {Conradi, Carsten and Feliu, Elisenda and Mincheva, Maya and Wiuf, Carsten},
    number = {10},
    pages = {1--27},
    volume = {13},
    doi = {10.1371/journal.pcbi.1005751},
    issn = {15537358},
    pmid = {28972969},
    arxivId = {1608.03993}
}

@article{Nair2018,
    title = {{Indirect evolution of social fitness inequalities and facultative social exploitation}},
    year = {2018},
    journal = {Proceedings of the Royal Society B: Biological Sciences},
    author = {Nair, Ramith R. and Fiegna, Francesca and Velicer, Gregory J.},
    number = {1875},
    volume = {285},
    doi = {10.1098/rspb.2018.0054},
    issn = {14712954},
    pmid = {29593113},
    keywords = {Evo-devo, Facultative cheating, Fruiting bodies, Multicellular development, Non-adaptive evolution}
}

@article{Schiessl2019,
    title = {{Individual- versus group-optimality in the production of secreted bacterial compounds}},
    year = {2019},
    journal = {Evolution},
    author = {Schiessl, Konstanze T. and Ross-Gillespie, Adin and Cornforth, Daniel M. and Weigert, Michael and Bigosch, Colette and Brown, Sam P. and Ackermann, Martin and K{\"{u}}mmerli, Rolf},
    number = {4},
    pages = {675--688},
    volume = {73},
    doi = {10.1111/evo.13701},
    issn = {15585646},
    pmid = {30793292},
    keywords = {Bacteria, division of labor, economy of scales, group level selection, optimal production, siderophores}
}

@article{Takahashi2006,
    title = {{Induction of Pluripotent Stem Cells from Mouse Embryonic and Adult Fibroblast Cultures by Defined Factors}},
    year = {2006},
    journal = {Cell},
    author = {Takahashi, Kazutoshi and Yamanaka, Shinya},
    number = {4},
    pages = {663--676},
    volume = {126},
    doi = {10.1016/j.cell.2006.07.024},
    issn = {00928674},
    pmid = {16904174}
}

@article{Yeung2020,
    title = {{Inference of Multisite Phosphorylation Rate Constants and Their Modulation by Pathogenic Mutations}},
    year = {2020},
    journal = {Current Biology},
    author = {Yeung, Eyan and McFann, Sarah and Marsh, Lewis and Dufresne, Emilie and Filippi, Sarah and Harrington, Heather A. and Shvartsman, Stanislav Y. and W{\"{u}}hr, Martin},
    number = {5},
    pages = {877--882},
    volume = {30},
    doi = {10.1016/j.cub.2019.12.052},
    issn = {18790445},
    keywords = {Bayesian parameter inference, ERK, MAPK pathway, MEK, kinase, kinetic parameters, multisite protein phosphorylation, pathogenic mutations, phosphorylation, structurally identifiable kinetic model}
}

@article{Ozsezen2019,
    title = {{Inference of the High-Level Interaction Topology between the Metabolic and Cell-Cycle Oscillators from Single-Cell Dynamics}},
    year = {2019},
    journal = {Cell Systems},
    author = {{\"{O}}zsezen, Serdar and Papagiannakis, Alexandros and Chen, Haoqi and Niebel, Bastian and Milias-Argeitis, Andreas and Heinemann, Matthias},
    number = {4},
    pages = {354--365},
    volume = {9},
    doi = {10.1016/j.cels.2019.09.003},
    issn = {24054720},
    keywords = {Kuramoto, YMC, cell cycle, coupled oscillator, inference, metabolism, oscillation, single-cell, yeast, yeast metabolic cycle}
}

@article{Medlock2018,
    title = {{Inferring Metabolic Mechanisms of Interaction within a Defined Gut Microbiota}},
    year = {2018},
    journal = {Cell Systems},
    author = {Medlock, Gregory L. and Carey, Maureen A. and McDuffie, Dennis G. and Mundy, Michael B. and Giallourou, Natasa and Swann, Jonathan R. and Kolling, Glynis L. and Papin, Jason A.},
    number = {3},
    pages = {245--257},
    volume = {7},
    publisher = {Elsevier Inc.},
    url = {https://doi.org/10.1016/j.cels.2018.08.003},
    doi = {10.1016/j.cels.2018.08.003},
    issn = {24054720},
    pmid = {30195437},
    keywords = {emergent behavior, interspecies interactions, mathematical modeling, metabolic cross-feeding, metabolism, microbial community, microbial ecology, microbiome, microbiota, systems biology}
}

@article{Choi2018,
    title = {{Inferring Reaction Networks using Perturbation Data}},
    year = {2018},
    journal = {bioRxiv},
    author = {Choi, Kiri and Hellerstein, Joesph and Wiley, H. Steven and Sauro, Herbert},
    pages = {351767},
    doi = {10.1101/351767}
}

@article{Korzeniewski2003,
    title = {{Influence of substrate activation (hydrolysis of ATP by first steps of glycolysis and {$\beta$}-oxidation) on the effect of enzyme deficiencies, inhibitors, substrate shortage and energy demand on oxidative phosphorylation}},
    year = {2003},
    journal = {Biophysical Chemistry},
    author = {Korzeniewski, Bernard},
    number = {1},
    month = {5},
    pages = {107--119},
    volume = {104},
    url = {https://linkinghub.elsevier.com/retrieve/pii/S0301462202003423},
    doi = {10.1016/S0301-4622(02)00342-3},
    issn = {03014622},
    pmid = {12834831},
    keywords = {Computer model, Mitochondria, Mitochondrial diseases, Oxidative phosphorylation, Respiratory substrate}
}

@article{McMahon2015,
    title = {{Information processing by simple molecular motifs and susceptibility to noise}},
    year = {2015},
    journal = {Journal of the Royal Society Interface},
    author = {McMahon, Siobhan S. and Lenive, Oleg and Filippi, Sarah and Stumpf, Michael P.H.},
    number = {110},
    volume = {12},
    doi = {10.1098/rsif.2015.0597},
    issn = {17425662},
    keywords = {Extrinsic noise, Gene expression, Intrinsic noise, Mutual information, Signal transduction}
}

@misc{Nath2019,
    title = {{Integration of demand and supply sides in the ATP energy economics of cells}},
    year = {2019},
    booktitle = {Biophysical Chemistry},
    author = {Nath, Sunil},
    volume = {252},
    doi = {10.1016/j.bpc.2019.106208},
    issn = {18734200},
    keywords = {Adenosine triphosphate (ATP), Coupling of ATP synthesis to oxygen consumption/re, Dicarboxylic acids, Energy demand management/economics in biology, Homeostasis, Metabolic engineering, Metabolic regulation and control, Nath's torsional mechanism of energy transduction, Nath's two-ion theory of biological energy couplin, Oxidative phosphorylation, P/O ratio, Succinate}
}

@article{Adams2001,
    title = {{Kinetic and catalytic mechanisms of protein kinases}},
    year = {2001},
    journal = {Chemical Reviews},
    author = {Adams, Joseph A.},
    number = {8},
    pages = {2271--2290},
    volume = {101},
    doi = {10.1021/cr000230w},
    issn = {00092665},
    pmid = {11749373}
}

@article{Hatakeyama2014,
    title = {{Kinetic Memory Based on the Enzyme-Limited Competition}},
    year = {2014},
    journal = {PLoS Computational Biology},
    author = {Hatakeyama, Tetsuhiro S and Kaneko, Kunihiko},
    editor = {Verkhivker, Gennady M.},
    number = {8},
    month = {8},
    pages = {e1003784},
    volume = {10},
    url = {https://dx.plos.org/10.1371/journal.pcbi.1003784},
    doi = {10.1371/journal.pcbi.1003784},
    issn = {1553-7358}
}

@article{Francois2018,
    title = {{Landscape, bifurcations, geometry for development}},
    year = {2018},
    journal = {Current Opinion in Systems Biology},
    author = {Fran{\c{c}}ois, Paul and Jutras-Dub{\'{e}}, Laurent},
    month = {10},
    pages = {129--136},
    volume = {11},
    url = {https://linkinghub.elsevier.com/retrieve/pii/S2452310018300568},
    doi = {10.1016/j.coisb.2018.06.001},
    issn = {24523100}
}

@article{Ossareh2011,
    title = {{Long signaling cascades tend to attenuate retroactivity}},
    year = {2011},
    journal = {Biophysical Journal},
    author = {Ossareh, Hamid R. and Ventura, Alejandra C. and Merajver, Sofia D. and Del Vecchio, Domitilla},
    number = {7},
    pages = {1617--1626},
    volume = {100},
    publisher = {Biophysical Society},
    url = {http://dx.doi.org/10.1016/j.bpj.2011.02.014},
    doi = {10.1016/j.bpj.2011.02.014},
    issn = {15420086}
}

@article{Rubinstein2016,
    title = {{Long-Term dynamics of multisite phosphorylation}},
    year = {2016},
    journal = {Molecular Biology of the Cell},
    author = {Rubinstein, Boris Y. and Mattingly, Henry H. and Berezhkovskii, Alexander M. and Shvartsman, Stanislav Y.},
    number = {14},
    pages = {2331--2340},
    volume = {27},
    doi = {10.1091/mbc.E16-03-0137},
    issn = {19394586},
    pmid = {27226482}
}

@misc{Maple,
    title = {{Maple}},
    year = {2018},
    author = {Inc, Maplesoft - a division of Waterloo Maple},
    url = {https://www.maplesoft.com/support/help/maple/view.aspx?path=author}
}

@book{Maple_Mathematica,
    title = {{Maple and Matheematica - A Problem Solving Approach for Mathematics}},
    year = {2007},
    author = {Shingareva, Inna and Liz{\'{a}}rraga-Celaya, Carlos},
    publisher = {Springer},
    address = {New York},
    isbn = {9783211732649}
}

@article{Dhooge2003a,
    title = {{MATCONT: A MATLAB package for numerical bifurcation analysis of ODEs}},
    year = {2003},
    journal = {ACM Transactions on Mathematical Software},
    author = {Dhooge, A. and Govaerts, W. and Kuznetsov, Yu A.},
    number = {2},
    pages = {141--164},
    volume = {29},
    doi = {10.1145/779359.779362},
    issn = {00983500},
    keywords = {Bifurcation, Dynamical system, Numerical continuation}
}

@article{Govaerts2017,
    title = {{MATCONT: Continuation toolbox for ODEs in Matlab}},
    year = {2017},
    author = {Govaerts, W and Kuznetsov, Yu A and Meijer, H G E and Witte, V De and Dhooge, A and Mestrom, W and Neirynck, N and Riet, A M and Sautois, B},
    number = {August},
    pages = {111}
}

@article{Loos2019,
    title = {{Mathematical modeling of variability in intracellular signaling}},
    year = {2019},
    journal = {Current Opinion in Systems Biology},
    author = {Loos, Carolin and Hasenauer, Jan},
    pages = {17--24},
    volume = {16},
    publisher = {Elsevier Ltd},
    url = {https://doi.org/10.1016/j.coisb.2019.10.020},
    doi = {10.1016/j.coisb.2019.10.020},
    issn = {24523100},
    arxivId = {1904.08182},
    keywords = {Heterogeneity, Mechanistic modeling, Ordinary differential equation models, Single-cell data}
}

@article{Ubersax2007,
    title = {{Mechanisms of specificity in protein phosphorylation}},
    year = {2007},
    journal = {Nature Reviews Molecular Cell Biology},
    author = {Ubersax, Jeffrey A. and Ferrell, James E.},
    number = {7},
    pages = {530--541},
    volume = {8},
    doi = {10.1038/nrm2203},
    issn = {14710080},
    pmid = {17585314}
}

@article{Yokoi2019,
    title = {{Metapopulation model for a prey-predator system: Nonlinear migration due to the finite capacities of patches}},
    year = {2019},
    journal = {Journal of Theoretical Biology},
    author = {Yokoi, Hiroki and Tainaka, Kei ichi and Sato, Kazunori},
    pages = {24--35},
    volume = {477},
    publisher = {Elsevier Ltd},
    url = {https://doi.org/10.1016/j.jtbi.2019.05.021},
    doi = {10.1016/j.jtbi.2019.05.021},
    issn = {10958541},
    pmid = {31194986},
    keywords = {Capacity of patch, Individual-based model, Lotka–Volterra model, Random walk, Reaction-migration equation, Well-mixed population}
}

@article{Gonze2018,
    title = {{Microbial communities as dynamical systems}},
    year = {2018},
    journal = {Current Opinion in Microbiology},
    author = {Gonze, Didier and Coyte, Katharine Z. and Lahti, Leo and Faust, Karoline},
    pages = {41--49},
    volume = {44},
    publisher = {Elsevier Ltd},
    url = {https://doi.org/10.1016/j.mib.2018.07.004},
    doi = {10.1016/j.mib.2018.07.004},
    issn = {18790364},
    pmid = {30041083}
}

@article{Suwanmajo2015,
    title = {{Mixed mechanisms of multi-site phosphorylation}},
    year = {2015},
    journal = {Journal of the Royal Society Interface},
    author = {Suwanmajo, Thapanar and Krishnan, J.},
    number = {107},
    volume = {12},
    doi = {10.1098/rsif.2014.1405},
    issn = {17425662},
    keywords = {Information processing, Mixed mechanisms, Multi-site modification, Oscillations, Sequestration}
}

@article{NicholasDiasYungPeng2017,
    title = {{Modeling Cell-to-Cell Communication Networks Using Response-Time Distributions}},
    year = {2018},
    journal = {Cell Systems},
    author = {Thurley, Kevin and Wu, Lani F. and Altschuler, Steven J.},
    number = {3},
    month = {3},
    pages = {355--367},
    volume = {6},
    url = {https://linkinghub.elsevier.com/retrieve/pii/S240547121830053X},
    doi = {10.1016/j.cels.2018.01.016},
    issn = {24054712},
    keywords = {endothelium, estrogen, estrogen receptors, vascular smooth muscle}
}

@article{Voukantsis2019,
    title = {{Modeling genotypes in their microenvironment to predict single-and multi-cellular behavior}},
    year = {2019},
    journal = {GigaScience},
    author = {Voukantsis, Dimitrios and Kahn, Kenneth and Hadley, Martin and Wilson, Rowan and Buffa, Francesca M.},
    number = {3},
    pages = {1--15},
    volume = {8},
    publisher = {Oxford University Press},
    doi = {10.1093/gigascience/giz010},
    issn = {2047217X},
    pmid = {30715320},
    keywords = {agent-based modeling, executable biology, gene networks, genotype to phenotype, microenvironment, molecular pathways, signaling networks}
}

@article{Fan2019a,
    title = {{Modeling the Role of Feedback in the Adaptive Response of Bacterial Quorum Sensing}},
    year = {2019},
    journal = {Bulletin of Mathematical Biology},
    author = {Fan, Gaoyang and Bressloff, Paul C.},
    number = {5},
    month = {5},
    pages = {1479--1505},
    volume = {81},
    publisher = {Springer US},
    url = {https://doi.org/10.1007/s11538-019-00570-8 http://link.springer.com/10.1007/s11538-019-00570-8},
    isbn = {1153801900570},
    doi = {10.1007/s11538-019-00570-8},
    issn = {0092-8240},
    pmid = {30693430},
    keywords = {Cell signaling, Feedback pathways, Intercellular communication, Phosphorylation–dephosphorylation cycles, Quorum sensing}
}

@article{Fan2019,
    title = {{Modeling the Role of Feedback in the Adaptive Response of Bacterial Quorum Sensing}},
    year = {2019},
    journal = {Bulletin of Mathematical Biology},
    author = {Fan, Gaoyang and Bressloff, Paul C.},
    number = {5},
    pages = {1479--1505},
    volume = {81},
    publisher = {Springer US},
    url = {https://doi.org/10.1007/s11538-019-00570-8},
    isbn = {1153801900570},
    doi = {10.1007/s11538-019-00570-8},
    issn = {15229602},
    pmid = {30693430},
    keywords = {Cell signaling, Feedback pathways, Intercellular communication, Phosphorylation–dephosphorylation cycles, Quorum sensing}
}

@article{Ramesh2018,
    title = {{Modeling the transient temperature distribution in a direct methanol fuel cell}},
    year = {2018},
    journal = {Journal of Electroanalytical Chemistry},
    author = {Ramesh, Vaidhiswaran and Krishnamurthy, Balaji},
    month = {1},
    pages = {1--7},
    volume = {809},
    url = {https://linkinghub.elsevier.com/retrieve/pii/S1572665717308901},
    doi = {10.1016/j.jelechem.2017.12.015},
    issn = {15726657},
    keywords = {Current density, Flow rate, Methanol, Temperature}
}

@unpublished{Suwanmajo2017,
    title = {{Modelling and systems approaches for elucidating information processing in multi-site phosphorylation systems}},
    year = {2017},
    author = {Suwanmajo, Thapanar},
    number = {December}
}

@article{Stoof2020,
    title = {{Modelling co-translational dimerisation for programmable nonlinearity in synthetic biology}},
    year = {2020},
    author = {Stoof, Ruud and Go{\~{n}}i-Moreno, Ángel},
    pages = {1--15},
    doi = {10.1101/2020.07.10.196667}
}

@article{Menon2017a,
    title = {{Modelling compartmentalization towards elucidation and engineering of spatial organization in biochemical pathways}},
    year = {2017},
    journal = {Scientific Reports},
    author = {Menon, Govind and Okeke, Chinedu and Krishnan, J.},
    number = {1},
    pages = {1--18},
    volume = {7},
    publisher = {Springer US},
    url = {http://dx.doi.org/10.1038/s41598-017-11081-8},
    doi = {10.1038/s41598-017-11081-8},
    issn = {20452322}
}

@article{Menon2017,
    title = {{Modelling compartmentalization towards elucidation and engineering of spatial organization in biochemical pathways}},
    year = {2017},
    journal = {Scientific Reports},
    author = {Menon, Govind and Okeke, Chinedu and Krishnan, J.},
    number = {1},
    pages = {1--18},
    volume = {7},
    publisher = {Springer US},
    url = {http://dx.doi.org/10.1038/s41598-017-11081-8},
    doi = {10.1038/s41598-017-11081-8},
    issn = {20452322}
}

@article{DelVecchio2008,
    title = {{Modular cell biology: Retroactivity and insulation}},
    year = {2008},
    journal = {Molecular Systems Biology},
    author = {Del Vecchio, Domitilla and Ninfa, Alexander J. and Sontag, Eduardo D.},
    number = {161},
    volume = {4},
    doi = {10.1038/msb4100204},
    issn = {17444292},
    pmid = {18277378},
    keywords = {and source are, article distributed under the, commons attribution licence, creation of derivative works, credited, distributed only under the, feedback, insulation, is permitted but the, modularity, provided the original author, reproduction in any medium, resulting work may be, singular perturbation, terms of the creative, this is an open-access, which permits distribution and}
}

@article{Sontag2007,
    title = {{Monotone and near-monotone biochemical networks}},
    year = {2007},
    journal = {Systems and Synthetic Biology},
    author = {Sontag, Eduardo D.},
    number = {2},
    pages = {59--87},
    volume = {1},
    isbn = {1169300790},
    doi = {10.1007/s11693-007-9005-9},
    issn = {18725325},
    keywords = {Biochemical networks, Dynamical systems, Monotone systems}
}

@article{ODea2011,
    title = {{Multiscale analysis of pattern formation via intercellular signalling}},
    year = {2011},
    journal = {Mathematical Biosciences},
    author = {O'Dea, R. D. and King, J. R.},
    number = {2},
    pages = {172--185},
    volume = {231},
    publisher = {Elsevier Inc.},
    url = {http://dx.doi.org/10.1016/j.mbs.2011.03.003},
    doi = {10.1016/j.mbs.2011.03.003},
    issn = {00255564},
    pmid = {21385590},
    keywords = {Cell signalling, Homogenisation, Multiscale, Pattern formation}
}

@article{Ord2019,
    title = {{Multisite phosphorylation code of CDK}},
    year = {2019},
    journal = {Nature Structural and Molecular Biology},
    author = {{\"{O}}rd, Mihkel and M{\"{o}}ll, Kaidi and Agerova, Alissa and Kivi, Rait and Faustova, Ilona and Venta, Rainis and Valk, Ervin and Loog, Mart},
    number = {7},
    pages = {649--658},
    volume = {26},
    publisher = {Springer US},
    url = {http://dx.doi.org/10.1038/s41594-019-0256-4},
    isbn = {4159401902},
    doi = {10.1038/s41594-019-0256-4},
    issn = {15459985},
    pmid = {31270471}
}

@article{Quinn2004,
    title = {{Multisite phosphorylation mechanism for protein kinase A activation of the smooth muscle ATP-sensitive K+ channel}},
    year = {2004},
    journal = {Circulation Research},
    author = {Quinn, Kathryn V. and Giblin, Jonathan P. and Tinker, Andrew},
    number = {10},
    pages = {1359--1366},
    volume = {94},
    doi = {10.1161/01.RES.0000128513.34817.c4},
    issn = {00097330},
    pmid = {15087422},
    keywords = {ATP-sensitive potassium channel, Ion channel regulation, Kir6.1, Protein kinase A, Protein phosphorylation}
}

@article{Koivomagi2013,
    title = {{Multisite phosphorylation networks as signal processors for Cdk1}},
    year = {2013},
    journal = {Nature Structural and Molecular Biology},
    author = {Kõivom{\"{a}}gi, Mardo and {\"{O}}rd, Mihkel and Iofik, Anna and Valk, Ervin and Venta, Rainis and Faustova, Ilona and Kivi, Rait and Balog, Eva Rose M. and Rubin, Seth M. and Loog, Mart},
    number = {12},
    pages = {1415--1424},
    volume = {20},
    publisher = {Nature Publishing Group},
    doi = {10.1038/nsmb.2706},
    issn = {15459993}
}

@article{Salazar2009,
    title = {{Multisite protein phosphorylation - From molecular mechanisms to kinetic models}},
    year = {2009},
    journal = {FEBS Journal},
    author = {Salazar, Carlos and H{\"{o}}fer, Thomas},
    number = {12},
    pages = {3177--3198},
    volume = {276},
    doi = {10.1111/j.1742-4658.2009.07027.x},
    issn = {1742464X},
    keywords = {Enzyme processivity, Kinetic proofreading, Mathematical models, Order of phospho-site processing, Ultrasensitivity}
}

@article{Gunawardena2005,
    title = {{Multisite protein phosphorylation makes a good threshold but can be a poor switch}},
    year = {2005},
    journal = {Proceedings of the National Academy of Sciences of the United States of America},
    author = {Gunawardena, Jeremy},
    number = {41},
    pages = {14617--14622},
    volume = {102},
    doi = {10.1073/pnas.0507322102},
    issn = {00278424},
    pmid = {16195377},
    keywords = {Cellular phosphorylation state, Distributive versus processive, Multistability, Ultrasensitivity}
}

@article{Valk2014,
    title = {{Multistep phosphorylation systems: Tunable components of biological signaling circuits}},
    year = {2014},
    journal = {Molecular Biology of the Cell},
    author = {Valk, Evin and Venta, Rainis and {\"{O}}rd, Mihkel and Faustova, Ilona and Kõivom{\"{a}}gi, Mardo and Loog, Mart},
    number = {22},
    pages = {3456--3460},
    volume = {25},
    doi = {10.1091/mbc.E14-02-0774},
    issn = {19394586},
    pmid = {25368420}
}

@article{Stich2016,
    title = {{Necessary conditions for the emergence of homochirality via autocatalytic self-replication}},
    year = {2016},
    journal = {Journal of Chemical Physics},
    author = {Stich, Michael and Rib{\'{o}}, Josep M. and Blackmond, Donna G. and Hochberg, David},
    number = {7},
    volume = {145},
    url = {http://dx.doi.org/10.1063/1.4961021},
    doi = {10.1063/1.4961021},
    issn = {00219606},
    pmid = {27544091}
}

@book{1377,
    title = {{No Titleفيزيولوژی گياهان زراعی (ترجمه)}},
    year = {1377},
    author = {کوچکی, سرمدنيا، غ، م.، و ع.},
    pages = {68--70},
    isbn = {0898715547}
}

@article{Azizah2009,
    title = {{No Title一位學齡前期急性支氣管炎病童之護理經驗}},
    year = {2009},
    journal = {源遠護理},
    author = {Azizah, Umi Nur},
    number = {3},
    pages = {3500},
    volume = {2}
}

@article{MartinezDominguez2021,
    title = {{No 主観的健康感を中心とした在宅高齢者における 健康関連指標に関する共分散構造分析Title}},
    year = {2021},
    journal = {Paakat:Revista de tecnolog{\'{i}}a y sociedad},
    author = {Mart{\'{i}}nez Dom{\'{i}}nguez, Marlen},
    number = {1 0},
    pages = {6},
    volume = {9},
    url = {http://www.udgvirtual.udg.mx/paakat/index.php/paakat/rt/printerFriendly/519/661}
}

@article{Hornung2008,
    title = {{Noise propagation and signaling sensitivity in biological networks: A role for positive feedback}},
    year = {2008},
    journal = {PLoS Computational Biology},
    author = {Hornung, Gil and Barkai, Naama},
    number = {1},
    pages = {0055--0061},
    volume = {4},
    doi = {10.1371/journal.pcbi.0040008},
    issn = {1553734X},
    pmid = {18179281}
}

@book{Strogatz2001,
    title = {{Nonlinear dynamics and chaos: with applications to physics, biology, chemistry, and engineering}},
    year = {2001},
    booktitle = {Studies in Nonlinearity},
    author = {Strogatz, Steven Henry},
    edition = {2. print},
    pages = {498},
    publisher = {Perseus Books},
    address = {Cambridge, Mass},
    isbn = {9780738204536},
    language = {eng}
}

@book{Abcha2018,
    title = {{Nonlinear waves and pattern dynamics}},
    year = {2018},
    booktitle = {Nonlinear Waves and Pattern Dynamics},
    author = {Abcha, Nizar and Pelinovsky, Efim and Mutabazi, Innocent},
    pages = {1--229},
    isbn = {9783319781938},
    doi = {10.1007/978-3-319-78193-8}
}

@article{Maguire2019,
    title = {{On the importance of reaction networks for synthetic living systems}},
    year = {2019},
    journal = {Emerging Topics in Life Sciences},
    author = {Maguire, Oliver R. and Huck, Wilhelm T.S.},
    number = {5},
    pages = {517--527},
    volume = {3},
    doi = {10.1042/etls20190016},
    issn = {2397-8554}
}

@article{Rust2007,
    title = {{Ordered phosphorylation governs oscillation of a three-protein orcadian clock}},
    year = {2007},
    journal = {Chemtracts},
    author = {Rust, M. J. and Markson, J. S. and Lane, W. S. and Fisher, D. S. and O'Shea, E. K.},
    number = {10},
    pages = {410--411},
    volume = {20},
    issn = {14319268}
}

@article{EveraersRalfRosa2017,
    title = {{Paracrine signaling mediated at cell-cell contacts}},
    year = {2015},
    journal = {BioEssays},
    author = {Roy, Sougata and Kornberg, Thomas B.},
    number = {1},
    month = {1},
    pages = {25--33},
    volume = {37},
    url = {http://doi.wiley.com/10.1002/bies.201400122},
    doi = {10.1002/bies.201400122},
    issn = {02659247},
    keywords = {adolescent, child, gender dysphoria, gender identity, transgender}
}

@article{Kallus2017,
    title = {{Paradoxes in leaky microbial trade}},
    year = {2017},
    journal = {Nature Communications},
    author = {Kallus, Yoav and Miller, John H. and Libby, Eric},
    number = {1},
    volume = {8},
    publisher = {Springer US},
    url = {http://dx.doi.org/10.1038/s41467-017-01628-8},
    doi = {10.1038/s41467-017-01628-8},
    issn = {20411723},
    pmid = {29118345},
    arxivId = {1612.03125}
}

@article{Lochhead2020,
    title = {{Paradoxical activation of the protein kinase-transcription factor ERK5 by ERK5 kinase inhibitors}},
    year = {2020},
    journal = {Nature Communications},
    author = {Lochhead, Pamela A. and Tucker, Julie A. and Tatum, Natalie J. and Wang, Jinhua and Oxley, David and Kidger, Andrew M. and Johnson, Victoria P. and Cassidy, Megan A. and Gray, Nathanael S. and Noble, Martin E.M. and Cook, Simon J.},
    number = {1},
    pages = {1--16},
    volume = {11},
    publisher = {Springer US},
    url = {http://dx.doi.org/10.1038/s41467-020-15031-3},
    doi = {10.1038/s41467-020-15031-3},
    issn = {20411723},
    pmid = {32170057}
}

@article{Hart2014,
    title = {{Paradoxical signaling by a secreted molecule leads to homeostasis of cell levels}},
    year = {2014},
    journal = {Cell},
    author = {Hart, Yuval and Reich-Zeliger, Shlomit and Antebi, Yaron E. and Zaretsky, Irina and Mayo, Avraham E. and Alon, Uri and Friedman, Nir},
    number = {5},
    pages = {1022--1032},
    volume = {158},
    publisher = {Elsevier Inc.},
    url = {http://dx.doi.org/10.1016/j.cell.2014.07.033},
    doi = {10.1016/j.cell.2014.07.033},
    issn = {10974172}
}

@article{Dey2017,
    title = {{Parallel arrangements of positive feedback loops limit cell-to-cell variability in differentiation}},
    year = {2017},
    journal = {PLoS ONE},
    author = {Dey, Anupam and Barik, Debashis},
    number = {11},
    pages = {1--20},
    volume = {12},
    isbn = {1111111111},
    doi = {10.1371/journal.pone.0188623},
    issn = {19326203},
    pmid = {29186174}
}

@article{Bruna2018,
    title = {{Particle-based simulations of reaction-diffusion processes with Aboria}},
    year = {2018},
    author = {Bruna, Maria and Maini, Philip K. and Robinson, Martin},
    pages = {1--22},
    url = {http://arxiv.org/abs/1805.11007},
    arxivId = {1805.11007},
    keywords = {1, and the john fell, by epsrc, cell-cell interactions, centre, chemo-, fund, grant 21138701, grant bld10370, grant ep, hybrid modelling, i017909, particle-based numerical methods, s college research, st john, taxis, this work was supported}
}

@article{Collier1996,
    title = {{Pattern formation by lateral inhibition with feedback: A mathematical model of delta-notch intercellular signalling}},
    year = {1996},
    journal = {Journal of Theoretical Biology},
    author = {Collier, Joanne R. and Monk, Nicholas A.M. and Maini, Philip K. and Lewis, Julian H.},
    number = {4},
    pages = {429--446},
    volume = {183},
    doi = {10.1006/jtbi.1996.0233},
    issn = {00225193}
}

@article{Bettenworth2019,
    title = {{Phenotypic Heterogeneity in Bacterial Quorum Sensing Systems}},
    year = {2019},
    journal = {Journal of Molecular Biology},
    author = {Bettenworth, Vera and Steinfeld, Benedikt and Duin, Hilke and Petersen, Katrin and Streit, Wolfgang R. and Bischofs, Ilka and Becker, Anke},
    number = {23},
    pages = {4530--4546},
    volume = {431},
    publisher = {Elsevier Ltd},
    url = {https://doi.org/10.1016/j.jmb.2019.04.036},
    doi = {10.1016/j.jmb.2019.04.036},
    issn = {10898638},
    pmid = {31051177},
    keywords = {Bacillus, Sinorhizobium, autoinducer, bet hedging, division of labor}
}

@article{Rowland2015,
    title = {{Phosphatase specificity and pathway insulation in signaling networks}},
    year = {2015},
    journal = {Biophysical Journal},
    author = {Rowland, Michael A. and Harrison, Brian and Deeds, Eric J.},
    number = {4},
    pages = {986--996},
    volume = {108},
    publisher = {Biophysical Society},
    url = {http://dx.doi.org/10.1016/j.bpj.2014.12.011},
    doi = {10.1016/j.bpj.2014.12.011},
    issn = {15420086},
    pmid = {25692603}
}

@article{Touati2018,
    title = {{Phosphoproteome dynamics during mitotic exit in budding yeast}},
    year = {2018},
    journal = {The EMBO Journal},
    author = {Touati, Sandra A and Kataria, Meghna and Jones, Andrew W and Snijders, Ambrosius P and Uhlmann, Frank},
    number = {10},
    pages = {1--15},
    volume = {37},
    doi = {10.15252/embj.201798745},
    issn = {0261-4189},
    pmid = {29650682},
    keywords = {cell cycle, kinases, mitosis, phosphatases, phosphoproteomics, post-translational modifications, proteolysis, subject categories cell cycle}
}

@article{Letort2019,
    title = {{PhysiBoSS: A multi-scale agent-based modelling framework integrating physical dimension and cell signalling}},
    year = {2019},
    journal = {Bioinformatics},
    author = {Letort, Gaelle and Montagud, Arnau and Stoll, Gautier and Heiland, Randy and Barillot, Emmanuel and MacKlin, Paul and Zinovyev, Andrei and Calzone, Laurence},
    number = {7},
    pages = {1188--1196},
    volume = {35},
    doi = {10.1093/bioinformatics/bty766},
    issn = {14602059},
    pmid = {30169736}
}

@article{Fan2017,
    title = {{Population Model of Quorum Sensing with Multiple Parallel Pathways}},
    year = {2017},
    journal = {Bulletin of Mathematical Biology},
    author = {Fan, Gaoyang and Bressloff, Paul C.},
    number = {11},
    pages = {2599--2626},
    volume = {79},
    publisher = {Springer US},
    doi = {10.1007/s11538-017-0343-9},
    issn = {15229602},
    keywords = {Phosphorylation, Quorum sensing, Signal integration}
}

@article{Green2015,
    title = {{Positional information and reaction-diffusion: Two big ideas in developmental biology combine}},
    year = {2015},
    journal = {Development (Cambridge)},
    author = {Green, Jeremy B.A. and Sharpe, James},
    number = {7},
    pages = {1203--1211},
    volume = {142},
    doi = {10.1242/dev.114991},
    issn = {14779129},
    pmid = {25804733},
    keywords = {Biological pattern, Developmental biology, History of ideas, Reaction-diffusion}
}

@article{Yang2006,
    title = {{Positive feedback may cause the biphasic response observed in the chemoattractant-induced response of Dictyostelium cells}},
    year = {2006},
    journal = {Systems and Control Letters},
    author = {Yang, Liu and Iglesias, Pablo A.},
    number = {4},
    pages = {329--337},
    volume = {55},
    doi = {10.1016/j.sysconle.2005.08.009},
    issn = {01676911},
    keywords = {Chemotaxis, Gradient sensing, Positive feedback}
}

@article{Brinkmann2018,
    title = {{Post-Turing tissue pattern formation: Advent of mechanochemistry}},
    year = {2018},
    journal = {PLoS Computational Biology},
    author = {Brinkmann, Felix and Mercker, Moritz and Richter, Thomas and Marciniak-Czochra, Anna},
    number = {7},
    pages = {1--21},
    volume = {14},
    isbn = {1111111111},
    doi = {10.1371/journal.pcbi.1006259},
    issn = {15537358},
    pmid = {29969460}
}

@article{Tung2018,
    title = {{Precluding oscillations in Michaelis–Menten approximations of dual-site phosphorylation systems}},
    year = {2018},
    journal = {Mathematical Biosciences},
    author = {Tung, Hwai Ray},
    number = {August},
    pages = {56--59},
    volume = {306},
    publisher = {Elsevier},
    url = {https://doi.org/10.1016/j.mbs.2018.10.008},
    doi = {10.1016/j.mbs.2018.10.008},
    issn = {18793134},
    arxivId = {1712.03594},
    keywords = {Dulac's Criterion, Michaelis–Menten, Oscillations, Phosphorylation}
}

@article{VanVliet2020,
    title = {{Predicting global dynamics of spatial microbial communities from local interaction rules}},
    year = {2020},
    journal = {bioRxiv},
    author = {Van Vliet, Simon and Hauert, Christoph and Ackermann, Martin and Dal Co, Alma},
    pages = {2020.07.25.220822},
    url = {https://doi.org/10.1101/2020.07.25.220822},
    doi = {10.1101/2020.07.25.220822}
}

@article{Aoki2011,
    title = {{Processive phosphorylation of ERK MAP kinase in mammalian cells}},
    year = {2011},
    journal = {Proceedings of the National Academy of Sciences},
    author = {Aoki, Kazuhiro and Yamada, Masashi and Kunida, Katsuyuki and Yasuda, Shuhei and Matsuda, Michiyuki},
    number = {31},
    month = {8},
    pages = {12675--12680},
    volume = {108},
    url = {http://www.pnas.org/cgi/doi/10.1073/pnas.1104030108},
    doi = {10.1073/pnas.1104030108},
    issn = {0027-8424},
    pmid = {21768338}
}

@article{You2004,
    title = {{Programmed population control by cell-cell communication and regulated killing}},
    year = {2004},
    journal = {Nature},
    author = {You, Lingchong and Cox, Robert Sidney and Weiss, Ron and Arnold, Frances H.},
    number = {6985},
    pages = {868--871},
    volume = {428},
    doi = {10.1038/nature02491},
    issn = {00280836},
    pmid = {15064770}
}

@article{Song2011,
    title = {{Programming microbial population dynamics by engineered cell-cell communication}},
    year = {2011},
    journal = {Biotechnology Journal},
    author = {Song, Hao and Payne, Stephen and Tan, Cheemeng and You, Lingchong},
    number = {7},
    pages = {837--849},
    volume = {6},
    doi = {10.1002/biot.201100132},
    issn = {18606768},
    keywords = {Cell-cell communication, Quorum sensing, Synthetic biology, Synthetic ecosystems}
}

@book{Schulz2011,
    title = {{Protein modifications giving rise to homo-oligomers}},
    year = {2011},
    booktitle = {Progress in Molecular Biology and Translational Science},
    author = {Schulz, Georg E.},
    edition = {1},
    pages = {187--229},
    volume = {103},
    publisher = {Elsevier Inc.},
    url = {http://dx.doi.org/10.1016/B978-0-12-415906-8.00006-6},
    isbn = {9780124159068},
    doi = {10.1016/B978-0-12-415906-8.00006-6},
    issn = {18771173},
    keywords = {entropy reduction, fusion protein, multiplicity, protein crystal contact, surface mobility, symmetry}
}

@article{Varusai2015,
    title = {{Protein-protein interactions generate hidden feedback and feed-forward loops to trigger bistable switches, oscillations and biphasic dose-responses}},
    year = {2015},
    journal = {Molecular BioSystems},
    author = {Varusai, Thawfeek M. and Kolch, Walter and Kholodenko, Boris N. and Nguyen, Lan K.},
    number = {10},
    pages = {2750--2762},
    volume = {11},
    publisher = {Royal Society of Chemistry},
    doi = {10.1039/c5mb00385g},
    issn = {17422051},
    pmid = {26266875}
}

@article{Chinchuluun2012,
    title = {{Pyomo - Optimization Modeling in Python}},
    year = {2012},
    journal = {Advances in Modeling Agricultural Systems},
    author = {Chinchuluun, Radnaabazar and Lee, Won Suk and Bhorania, Jevin and Pardalos, Panos M},
    pages = {1--22},
    volume = {25},
    url = {papers2://publication/doi/10.1007/978-0-387-75181-8_21},
    isbn = {9781461437727}
}

@article{Silva2017,
    title = {{Quantifying the strength of quorum sensing crosstalk within microbial communities}},
    year = {2017},
    journal = {PLoS Computational Biology},
    author = {Silva, Kalinga Pavan T. and Chellamuthu, Prithiviraj and Boedicker, James Q.},
    number = {10},
    pages = {1--16},
    volume = {13},
    isbn = {1111111111},
    doi = {10.1371/journal.pcbi.1005809},
    issn = {15537358},
    pmid = {29049387}
}

@book{Brill1964,
    title = {{Quinoxaline Studies. XII. Stereodirective Syntheses of cis- and trans-Decahydroquinoxalines and cis- and trans-Decahydroquinoxalones-2}},
    year = {1964},
    booktitle = {Journal of Organic Chemistry},
    author = {Brill, Earl and Schultz, Harry P.},
    number = {3},
    pages = {579--581},
    volume = {29},
    isbn = {9780387310732},
    doi = {10.1021/jo01026a014},
    issn = {15206904}
}

@article{Brookfield1998,
    title = {{Quorum sensing and group selection}},
    year = {1998},
    journal = {Evolution},
    author = {Brookfield, J. F.Y.},
    number = {5},
    pages = {1263--1269},
    volume = {52},
    doi = {10.1111/j.1558-5646.1998.tb02007.x},
    issn = {00143820},
    keywords = {Bacterial evolution, Group selection, Homoserine lactones, Quorum sensing, Signaling}
}

@article{Mc2008a,
    title = {{Quorum-Sensing Crosstalk-Driven Synthetic Circuits: From Unimodality to Trimodality}},
    year = {2014},
    journal = {Chemistry {\&} Biology},
    author = {Wu, Fuqing and Menn, David J. and Wang, Xiao},
    number = {12},
    month = {12},
    pages = {1629--1638},
    volume = {21},
    url = {https://linkinghub.elsevier.com/retrieve/pii/S1074552114003445},
    isbn = {6176321972},
    doi = {10.1016/j.chembiol.2014.10.008},
    issn = {10745521},
    pmid = {1000000221},
    arxivId = {NIHMS150003},
    keywords = {epiblast, gfp fusion, histone h2b-, icm, lineage specification, live imaging, mouse blastocyst, pdgfr {$\alpha$}, primitive endoderm}
}

@book{Trabalzini,
    title = {{Ras Signaling IN Series Editor}},
    booktitle = {Methods in Molecular Biology},
    author = {Trabalzini, Lorenza and Walker, John M},
    isbn = {978-1-62703-790-7},
    doi = {10.1007/978-1-62703-791-4}
}

@article{Bittihn2018,
    title = {{Rational engineering of synthetic microbial systems: from single cells to consortia}},
    year = {2018},
    journal = {Current Opinion in Microbiology},
    author = {Bittihn, Philip and Din, M. Omar and Tsimring, Lev S. and Hasty, Jeff},
    pages = {92--99},
    volume = {45},
    publisher = {Elsevier Ltd},
    url = {https://doi.org/10.1016/j.mib.2018.02.009},
    doi = {10.1016/j.mib.2018.02.009},
    issn = {18790364}
}

@article{Martin2014,
    title = {{Regulation by Covalent Modification}},
    year = {2014},
    journal = {eLS},
    author = {Martin, Bruce L},
    isbn = {9780470015902},
    doi = {10.1002/9780470015902.a0000866.pub3}
}

@article{Osborne2019,
    title = {{Regulation of Folate Homeostasis}},
    year = {2019},
    journal = {Montreal, Canada, June 15–20, 1986},
    author = {Osborne, C. and Lowe, K. and Shane, B. and Cichowicz, D. J. and Sussman, D. and Milman, G.},
    number = {2},
    pages = {925--928},
    volume = {37},
    doi = {10.1515/9783110856262-175}
}

@article{Goldfinger2017,
    title = {{Regulation of Ras signaling and function by plasma membrane microdomains}},
    year = {2017},
    journal = {BioScience Trends},
    author = {Goldfinger, Lawrence E. and Michael, James V.},
    number = {1},
    pages = {23--40},
    volume = {11},
    doi = {10.5582/bst.2016.01220},
    issn = {18817823},
    keywords = {Lipid rafts, Membrane microdomains, Ras, Tumor progression}
}

@article{Shacter1984,
    title = {{Regulation through phosphorylation/dephosphorylation cascade systems}},
    year = {1984},
    journal = {Journal of Biological Chemistry},
    author = {Shacter, E. and Boon Chock, P. and Stadtman, E. R.},
    number = {19},
    pages = {12252--12259},
    volume = {259},
    issn = {00219258}
}

@article{Kochanczyk2017,
    title = {{Relaxation oscillations and hierarchy of feedbacks in MAPK signaling}},
    year = {2017},
    journal = {Scientific Reports},
    author = {Kocha{\'{n}}czyk, Marek and Kocieniewski, Paweł and Koz{\l}owska, Emilia and Jaruszewicz-B{\l}o{\'{n}}ska, Joanna and Sparta, Breanne and Pargett, Michael and Albeck, John G. and Hlavacek, William S. and Lipniacki, Tomasz},
    number = {January},
    pages = {1--15},
    volume = {7},
    publisher = {Nature Publishing Group},
    url = {http://dx.doi.org/10.1038/srep38244},
    doi = {10.1038/srep38244},
    issn = {20452322}
}

@article{Biddle2020,
    title = {{Reversal symmetries for cyclic paths away from thermodynamic equilibrium}},
    year = {2020},
    journal = {Physical review. E},
    author = {Biddle, John W. and Gunawardena, Jeremy},
    number = {6-1},
    pages = {062125},
    volume = {101},
    doi = {10.1103/PhysRevE.101.062125},
    issn = {24700053},
    pmid = {32688527},
    arxivId = {1910.03735}
}

@article{Gerard2019,
    title = {{Revisiting a skeleton model for the mammalian cell cycle: From bistability to Cdk oscillations and cellular heterogeneity}},
    year = {2019},
    journal = {Journal of Theoretical Biology},
    author = {G{\'{e}}rard, Claude and Gonze, Didier and Goldbeter, Albert},
    pages = {276--290},
    volume = {461},
    publisher = {Elsevier Ltd},
    url = {https://doi.org/10.1016/j.jtbi.2018.10.042},
    doi = {10.1016/j.jtbi.2018.10.042},
    issn = {10958541},
    pmid = {30352237}
}

@article{Nam2020,
    title = {{Robustness and parameter geography in post-translational modification systems}},
    year = {2020},
    journal = {PLoS Computational Biology},
    author = {Nam, Kee Myoung and Gyori, Benjamin M. and Amethyst, Silviana V. and Bates, Daniel J. and Gunawardena, Jeremy},
    number = {5},
    pages = {1--52},
    volume = {16},
    doi = {10.1371/journal.pcbi.1007573},
    issn = {15537358},
    pmid = {32365103}
}

@article{Batchelor2003,
    title = {{Robustness and the cycle of phosphorylation and dephosphorylation in a two-component regulatory system}},
    year = {2003},
    journal = {Proceedings of the National Academy of Sciences},
    author = {Batchelor, Eric and Goulian, Mark},
    number = {2},
    month = {1},
    pages = {691--696},
    volume = {100},
    url = {http://www.pnas.org/cgi/doi/10.1073/pnas.0234782100},
    doi = {10.1073/pnas.0234782100},
    issn = {0027-8424},
    pmid = {12522261}
}

@article{Cafferty2020,
    title = {{Robustness, Entrainment, and Hybridization in Dissipative Molecular Networks, and the Origin of Life}},
    year = {2020},
    journal = {Journal of the American Chemical Society},
    author = {Cafferty, Brian J. and Wong, Albert S.Y. and Semenov, Sergey N. and Belding, Lee and Gm{\"{u}}r, Samira and Huck, Wilhelm T.S. and Whitesides, George M.},
    number = {20},
    pages = {8289--8295},
    volume = {141},
    doi = {10.1021/jacs.9b02554},
    issn = {15205126},
    pmid = {31035761}
}

@article{Maity2015,
    title = {{Role of relaxation time scale in noisy signal transduction}},
    year = {2015},
    journal = {PLoS ONE},
    author = {Maity, Alok Kumar and Chaudhury, Pinaki and Banik, Suman K.},
    number = {5},
    pages = {1--26},
    volume = {10},
    doi = {10.1371/journal.pone.0123242},
    issn = {19326203}
}

@article{Levchenko2000,
    title = {{Scaffold proteins may biphasically affect the levels of mitogen-activated protein kinase signaling and reduce its threshold properties}},
    year = {2000},
    journal = {Proceedings of the National Academy of Sciences of the United States of America},
    author = {Levchenko, Andre and Bruck, Jehoshua and Sternberg, Paul W.},
    number = {11},
    pages = {5818--5823},
    volume = {97},
    doi = {10.1073/pnas.97.11.5818},
    issn = {00278424},
    pmid = {10823939}
}

@article{Engblom2018,
    title = {{Scalable population-level modelling of biological cells incorporating mechanics and kinetics in continuous time}},
    year = {2018},
    journal = {Royal Society Open Science},
    author = {Engblom, Stefan and Wilson, Daniel B. and Baker, Ruth E.},
    number = {8},
    volume = {5},
    doi = {10.1098/rsos.180379},
    issn = {20545703},
    arxivId = {1706.03375},
    keywords = {Avascular tumour model, Cell population modelling, Computational cell biology, Continuous-time Markov chain, Notch signalling pathway}
}

@article{Ishihara2018,
    title = {{ScienceDirect Systems Biology Spontaneous symmetry breaking and pattern formation of organoids}},
    year = {2018},
    journal = {Current Opinion in Systems Biology},
    author = {Ishihara, Keisuke and Tanaka, Elly M},
    pages = {123--128},
    volume = {11},
    url = {https://doi.org/10.1016/j.coisb.2018.06.002},
    doi = {10.1016/j.coisb.2018.06.002},
    issn = {2452-3100}
}

@article{Martinez-Corral2018,
    title = {{Self-Amplifying Pulsatile Protein Dynamics without Positive Feedback}},
    year = {2018},
    journal = {Cell Systems},
    author = {Martinez-Corral, Rosa and Raimundez, Elba and Lin, Yihan and Elowitz, Michael B. and Garcia-Ojalvo, Jordi},
    number = {4},
    pages = {453--462},
    volume = {7},
    publisher = {Elsevier Inc.},
    url = {https://doi.org/10.1016/j.cels.2018.08.012},
    doi = {10.1016/j.cels.2018.08.012},
    issn = {24054720},
    pmid = {30316816},
    keywords = {biological noise, cell signaling dynamics, cellular oscillations, feedback, protein activation, protein activity pulses, ultrasensitivity}
}

@article{Halatek2018,
    title = {{Self-organization principles of intracellular pattern formation}},
    year = {2018},
    journal = {Philosophical Transactions of the Royal Society B: Biological Sciences},
    author = {Halatek, J. and Brauns, F. and Frey, E.},
    number = {1747},
    volume = {373},
    isbn = {0000000187923},
    doi = {10.1098/rstb.2017.0107},
    issn = {14712970},
    pmid = {29632261},
    arxivId = {1802.07169},
    keywords = {Cellpolarity, Diffusion, Intracellular patterns, NTPases, Pattern formation, Reaction, Self-organization}
}

@article{Youk2014,
    title = {{Sending mixed messages for cell population control}},
    year = {2014},
    journal = {Cell},
    author = {Youk, Hyun and Lim, Wendell A.},
    number = {5},
    pages = {973--975},
    volume = {158},
    publisher = {Elsevier Inc.},
    doi = {10.1016/j.cell.2014.08.013},
    issn = {10974172}
}

@article{Khan2015,
    title = {{Septins and Generation of Asymmetries in Fungal Cells}},
    year = {2015},
    journal = {Annual Review of Microbiology},
    author = {Khan, Anum and McQuilken, Molly and Gladfelter, Amy S.},
    number = {1},
    pages = {487--503},
    volume = {69},
    doi = {10.1146/annurev-micro-091014-104250},
    issn = {15453251},
    pmid = {26488282},
    keywords = {Asymmetry, Diffusion barrier, Polar growth, Scaffold, Septins}
}

@article{Ramachandran1992,
    title = {{Sequential Dephosphorylation of a Multiply Phosphorylated Insulin Receptor Peptide by Protein Tyrosine Phosphatases}},
    year = {1992},
    journal = {Biochemistry},
    author = {Ramachandran, Chidambaram and Aebersold, Ruedi and Tonks, Nicholas K. and Pot, David A.},
    number = {17},
    pages = {4232--4238},
    volume = {31},
    doi = {10.1021/bi00132a012},
    issn = {15204995}
}

@article{Lyons2013,
    title = {{Sequential primed kinases create a damage-responsive phosphodegron on Eco1}},
    year = {2013},
    journal = {Nature Structural and Molecular Biology},
    author = {Lyons, Nicholas A. and Fonslow, Bryan R. and Diedrich, Jolene K. and Yates, John R. and Morgan, David O.},
    number = {2},
    pages = {194--201},
    volume = {20},
    publisher = {Nature Publishing Group},
    doi = {10.1038/nsmb.2478},
    issn = {15459993},
    pmid = {23314252}
}

@article{Yelleswarapu2018,
    title = {{Sigma Factor-Mediated Tuning of Bacterial Cell-Free Synthetic Genetic Oscillators}},
    year = {2018},
    journal = {ACS Synthetic Biology},
    author = {Yelleswarapu, Maaruthy and Van Der Linden, Ardjan J. and Van Sluijs, Bob and Pieters, Pascal A. and Dubuc, Emilien and De Greef, Tom F.A. and Huck, Wilhelm T.S.},
    number = {12},
    pages = {2879--2887},
    volume = {7},
    publisher = {American Chemical Society},
    doi = {10.1021/acssynbio.8b00300},
    issn = {21615063},
    keywords = {cell-free systems, competition-induced regulation, oscillator, sigma factors, synthetic biology}
}

@article{Silva2017a,
    title = {{Signal Destruction Tunes the Zone of Activation in Spatially Distributed Signaling Networks}},
    year = {2017},
    journal = {Biophysical Journal},
    author = {Silva, Kalinga Pavan and Chellamuthu, Prithiviraj and Boedicker, James Q.},
    number = {5},
    pages = {1037--1044},
    volume = {112},
    publisher = {Biophysical Society},
    url = {http://dx.doi.org/10.1016/j.bpj.2017.01.010},
    doi = {10.1016/j.bpj.2017.01.010},
    issn = {15420086},
    pmid = {28297640}
}

@article{Shockley2019,
    title = {{Signal integration and information transfer in an allosterically regulated network}},
    year = {2019},
    journal = {npj Systems Biology and Applications},
    author = {Shockley, Erin M. and Rouzer, Carol A. and Marnett, Lawrence J. and Deeds, Eric J. and Lopez, Carlos F.},
    number = {1},
    volume = {5},
    publisher = {Springer US},
    url = {http://dx.doi.org/10.1038/s41540-019-0100-9},
    doi = {10.1038/s41540-019-0100-9},
    issn = {20567189},
    pmid = {31341635}
}

@article{Hodgkinson2018,
    title = {{Signal Propagation in Sensing and Reciprocating Cellular Systems with Spatial and Structural Heterogeneity}},
    year = {2018},
    journal = {Bulletin of Mathematical Biology},
    author = {Hodgkinson, Arran and Uz{\'{e}}, Gilles and Radulescu, Ovidiu and Trucu, Dumitru},
    number = {7},
    pages = {1900--1936},
    volume = {80},
    publisher = {Springer US},
    url = {https://doi.org/10.1007/s11538-018-0439-x},
    doi = {10.1007/s11538-018-0439-x},
    issn = {15229602},
    pmid = {29721746},
    arxivId = {1802.10176},
    keywords = {Interferon signalling, Population dynamics, Structured models}
}

@article{Handly2016,
    title = {{Signal Transduction at the Single-Cell Level: Approaches to Study the Dynamic Nature of Signaling Networks}},
    year = {2016},
    journal = {Journal of Molecular Biology},
    author = {Handly, L. Naomi and Yao, Jason and Wollman, Roy},
    number = {19},
    pages = {3669--3682},
    volume = {428},
    publisher = {Elsevier Ltd},
    url = {http://dx.doi.org/10.1016/j.jmb.2016.07.009},
    doi = {10.1016/j.jmb.2016.07.009},
    issn = {10898638},
    keywords = {fluorescent biosensors, mathematical modeling, microfluidics, single cell}
}

@article{Mc2008,
    title = {{Signaling cascades as cellular devices for spatial computations}},
    year = {2009},
    journal = {Journal of Mathematical Biology},
    author = {Stelling, Jörg and Kholodenko, Boris N.},
    number = {1-2},
    month = {1},
    pages = {35--55},
    volume = {58},
    url = {http://link.springer.com/10.1007/s00285-008-0162-6},
    doi = {10.1007/s00285-008-0162-6},
    keywords = {epiblast, gfp fusion, histone h2b-, icm, lineage specification, live imaging, mouse blastocyst, pdgfr {$\alpha$}, primitive endoderm}
}

@article{Ventura2010,
    title = {{Signaling properties of a covalent modification cycle are altered by a downstream target}},
    year = {2010},
    journal = {Proceedings of the National Academy of Sciences of the United States of America},
    author = {Ventura, Alejandra C. and Jiang, Peng and Van Wassenhove, Lauren and Del Vecchio, Domitilla and Merajver, Sofia D. and Ninfa, Alexander J.},
    number = {22},
    pages = {10032--10037},
    volume = {107},
    doi = {10.1073/pnas.0913815107},
    issn = {00278424},
    pmid = {20479260},
    keywords = {Regulatory networks, Retroactivity, Sensitivity, Signal transduction}
}

@article{Markevich2004a,
    title = {{Signaling switches and bistability arising from multisite phosphorylation in protein kinase cascades}},
    year = {2004},
    journal = {Journal of Cell Biology},
    author = {Markevich, Nick I. and Hoek, Jan B. and Kholodenko, Boris N.},
    number = {3},
    pages = {353--359},
    volume = {164},
    doi = {10.1083/jcb.200308060},
    issn = {00219525},
    pmid = {14744999},
    keywords = {Bistable biological switch, Covalent protein modification, Mitogen-activated protein kinase cascades, Multisite phosphorylation}
}

@article{Markevich2004,
    title = {{Signaling switches and bistability arising from multisite phosphorylation in protein kinase cascades}},
    year = {2004},
    journal = {Journal of Cell Biology},
    author = {Markevich, Nick I. and Hoek, Jan B. and Kholodenko, Boris N.},
    number = {3},
    pages = {353--359},
    volume = {164},
    doi = {10.1083/jcb.200308060},
    issn = {00219525},
    pmid = {14744999},
    keywords = {Bistable biological switch, Covalent protein modification, Mitogen-activated protein kinase cascades, Multisite phosphorylation}
}

@article{Fedorec2020,
    title = {{Single strain control of microbial consortia Results Bacteriocins enable population control at a distance Restricting growth favours bacteriocin producers over fast growers}},
    year = {2020},
    author = {Fedorec, Alex J H and Karkaria, Behzad D and Sulu, Michael and Barnes, Chris P},
    pages = {1--17}
}

@article{Smith2018,
    title = {{Single-cell variability in multicellular organisms}},
    year = {2018},
    journal = {Nature Communications},
    author = {Smith, Stephen and Grima, Ramon},
    number = {1},
    pages = {1--8},
    volume = {9},
    publisher = {Springer US},
    url = {http://dx.doi.org/10.1038/ s41467-017-02710-x},
    doi = {10.1038/s41467-017-02710-x},
    issn = {20411723},
    pmid = {29367605}
}

@article{Wang2008,
    title = {{Singularly perturbed monotone systems and an application to double phosphorylation cycles}},
    year = {2008},
    journal = {Journal of Nonlinear Science},
    author = {Wang, Liming and Sontag, Eduardo D.},
    number = {5},
    pages = {527--550},
    volume = {18},
    isbn = {0033200890},
    doi = {10.1007/s00332-008-9021-2},
    issn = {09388974},
    arxivId = {math/0701575},
    keywords = {Asymptotic stability, MAPK system, Monotone systems, Singular perturbation}
}

@article{Tyson2003,
    title = {{Sniffers, buzzers, toggles and blinkers: Dynamics of regulatory and signaling pathways in the cell}},
    year = {2003},
    journal = {Current Opinion in Cell Biology},
    author = {Tyson, John J. and Chen, Katherine C. and Novak, Bela},
    number = {2},
    pages = {221--231},
    volume = {15},
    doi = {10.1016/S0955-0674(03)00017-6},
    issn = {09550674},
    pmid = {12648679}
}

@article{Asfahl2017,
    title = {{Social interactions in bacterial cell-cell signaling}},
    year = {2017},
    journal = {FEMS Microbiology Reviews},
    author = {Asfahl, Kyle L. and Schuster, Martin},
    number = {1},
    pages = {92--107},
    volume = {41},
    doi = {10.1093/femsre/fuw038},
    issn = {15746976},
    pmid = {27677972},
    keywords = {Adaptation, Evolutionarily stable strategy, Evolutionary biology, Game theory, Microbial cooperation, Quorum sensing}
}

@article{Giese2018,
    title = {{Spatial modeling of the membrane-cytosolic interface in protein kinase signal transduction}},
    year = {2018},
    journal = {PLoS Computational Biology},
    author = {Giese, Wolfgang and Milicic, Gregor and Schr{\"{o}}der, Andreas and Klipp, Edda},
    number = {4},
    pages = {1--27},
    volume = {14},
    isbn = {1111111111},
    doi = {10.1371/journal.pcbi.1006075},
    issn = {15537358},
    pmid = {29630597}
}

@article{Alnahhas2019,
    title = {{Spatiotemporal Dynamics of Synthetic Microbial Consortia in Microfluidic Devices}},
    year = {2019},
    journal = {ACS Synthetic Biology},
    author = {Alnahhas, Razan N. and Winkle, James J. and Hirning, Andrew J. and Karamched, Bhargav and Ott, William and Josi{\'{c}}, Krešimir and Bennett, Matthew R.},
    number = {9},
    pages = {2051--2058},
    volume = {8},
    doi = {10.1021/acssynbio.9b00146},
    issn = {21615063},
    pmid = {31361464},
    keywords = {microbial consortia, microfluidics, spatiotemporal patterning}
}

@article{Hananel2019,
    title = {{Spontaneous and directed symmetry breaking in the formation of chiral nanocrystals}},
    year = {2019},
    journal = {Proceedings of the National Academy of Sciences of the United States of America},
    author = {Hananel, Uri and Ben-Moshe, Assaf and Diamant, Haim and Markovich, Gil},
    number = {23},
    pages = {11159--11164},
    volume = {166},
    doi = {10.1073/pnas.1821923116},
    issn = {10916490},
    pmid = {31097596},
    keywords = {Chirality, Nanocrystals, Symmetry breaking}
}

@article{Ribo2017a,
    title = {{Spontaneous mirror symmetry breaking and origin of biological homochirality}},
    year = {2017},
    journal = {Journal of the Royal Society Interface},
    author = {Rib{\'{o}}, Josep M. and Hochberg, David and Crusats, Joaquim and El-Hachemi, Zoubir and Moyano, Albert},
    number = {137},
    volume = {14},
    doi = {10.1098/rsif.2017.0699},
    issn = {17425662},
    pmid = {29237824},
    keywords = {Absolute asymmetric synthesis, Asymmetric induction, Autocatalysis, Chemical evolution, Chirality, Coupled reaction networks}
}

@article{Ribo2017,
    title = {{Spontaneous mirror symmetry breaking and origin of biological homochirality}},
    year = {2017},
    journal = {Journal of the Royal Society Interface},
    author = {Rib{\'{o}}, Josep M. and Hochberg, David and Crusats, Joaquim and El-Hachemi, Zoubir and Moyano, Albert},
    number = {137},
    volume = {14},
    doi = {10.1098/rsif.2017.0699},
    issn = {17425662},
    pmid = {29237824},
    keywords = {Absolute asymmetric synthesis, Asymmetric induction, Autocatalysis, Chemical evolution, Chirality, Coupled reaction networks}
}

@article{Alvarez-Socorro2018,
    title = {{Spontaneous motion of localized structures induced by parity symmetry breaking transition}},
    year = {2018},
    journal = {Chaos},
    author = {Alvarez-Socorro, A. J. and Clerc, M. G. and Tlidi, M.},
    number = {5},
    volume = {28},
    doi = {10.1063/1.5019734},
    issn = {10541500}
}

@article{Rao2018,
    title = {{Stability analysis of the Michaelis–Menten approximation of a mixed mechanism of a phosphorylation system}},
    year = {2018},
    journal = {Mathematical Biosciences},
    author = {Rao, Shodhan},
    number = {December 2017},
    pages = {159--166},
    volume = {301},
    publisher = {Elsevier},
    url = {https://doi.org/10.1016/j.mbs.2018.05.001},
    doi = {10.1016/j.mbs.2018.05.001},
    issn = {18793134},
    keywords = {Lyapunov methods, Mass action kinetics, Michaelis–Menten enzyme kinetics, Multisite phosphorylation, Poincar{\'{e}} Bendixson theorem, Steady state approach}
}

@article{Steen2005,
    title = {{Stable isotope-free relative and absolute quantitation of protein phosphorylation stoichiometry by MS}},
    year = {2005},
    journal = {Proceedings of the National Academy of Sciences of the United States of America},
    author = {Steen, Hanno and Jebanathirajah, Judith A. and Springer, Michael and Kirschner, Marc W.},
    number = {11},
    pages = {3948--3953},
    volume = {102},
    doi = {10.1073/pnas.0409536102},
    issn = {00278424}
}

@article{Glock2019,
    title = {{Stationary Patterns in a Two-Protein Reaction-Diffusion System}},
    year = {2019},
    journal = {ACS Synthetic Biology},
    author = {Glock, Philipp and Ramm, Beatrice and Heermann, Tamara and Kretschmer, Simon and Schweizer, Jakob and M{\"{u}}cksch, Jonas and Alag{\"{o}}z, Gökberk and Schwille, Petra},
    number = {1},
    pages = {148--157},
    volume = {8},
    doi = {10.1021/acssynbio.8b00415},
    issn = {21615063},
    pmid = {30571913},
    keywords = {in vitro reconstitution, min proteins, pattern formation, reaction-diffusion system, self-organization, stationary pattern}
}

@article{Simoni2019,
    title = {{Stochastic simulation algorithms for computational systems biology: Exact, approximate, and hybrid methods}},
    year = {2019},
    journal = {Wiley Interdisciplinary Reviews: Systems Biology and Medicine},
    author = {Simoni, Giulia and Reali, Federico and Priami, Corrado and Marchetti, Luca},
    number = {6},
    pages = {1--20},
    volume = {11},
    doi = {10.1002/wsbm.1459},
    issn = {1939005X},
    pmid = {31260191},
    keywords = {computational, hybrid stochastic simulation, stochastic simulation, systems biology}
}

@article{Engblom2019,
    title = {{Stochastic Simulation of Pattern Formation in Growing Tissue: A Multilevel Approach}},
    year = {2019},
    journal = {Bulletin of Mathematical Biology},
    author = {Engblom, Stefan},
    number = {8},
    pages = {3010--3023},
    volume = {81},
    publisher = {Springer US},
    url = {https://doi.org/10.1007/s11538-018-0454-y},
    doi = {10.1007/s11538-018-0454-y},
    issn = {15229602},
    arxivId = {1802.01039},
    keywords = {Cell population model, Discrete Laplacian cell mechanics, Notch signaling pathway, Reaction–diffusion master equation, Single-cell model}
}

@article{Hochberg2017,
    title = {{Stoichiometric network analysis of spontaneous mirror symmetry breaking in chemical reactions}},
    year = {2017},
    journal = {Physical Chemistry Chemical Physics},
    author = {Hochberg, David and Bourdon Garc{\'{i}}a, Rubén D. and {\'{A}}greda Bastidas, Jesús A. and Rib{\'{o}}, Josep M.},
    number = {27},
    pages = {17618--17636},
    volume = {19},
    url = {http://xlink.rsc.org/?DOI=C7CP02159C},
    doi = {10.1039/C7CP02159C},
    issn = {1463-9076}
}

@article{Vetsigian2011,
    title = {{Structure and evolution of streptomyces interaction networks in soil and in silico}},
    year = {2011},
    journal = {PLoS Biology},
    author = {Vetsigian, Kalin and Jajoo, Rishi and Kishony, Roy},
    number = {10},
    volume = {9},
    doi = {10.1371/journal.pbio.1001184},
    issn = {15449173},
    pmid = {22039352}
}

@article{Mitchell2019,
    title = {{Substrate complex competition is a regulatory motif that allows NF{$\kappa$}B RelA to license but not amplify NF{$\kappa$}B RelB}},
    year = {2019},
    journal = {Proceedings of the National Academy of Sciences of the United States of America},
    author = {Mitchell, Simon and Hoffmann, Alexander},
    number = {21},
    pages = {10592--10597},
    volume = {116},
    isbn = {1816000116},
    doi = {10.1073/pnas.1816000116},
    issn = {10916490},
    pmid = {31048505},
    keywords = {NF{$\kappa$}B canonical pathway, NF{$\kappa$}B noncanonical pathway, crosstalk, immune development, inflammation}
}

@article{Drion2018,
    title = {{Switchable slow cellular conductances determine robustness and tunability of network states}},
    year = {2018},
    journal = {PLoS Computational Biology},
    author = {Drion, Guillaume and Dethier, Julie and Franci, Alessio and Sepulchre, Rodolphe},
    number = {4},
    pages = {1--20},
    volume = {14},
    isbn = {1111111111},
    doi = {10.1371/journal.pcbi.1006125},
    issn = {15537358},
    pmid = {29684009}
}

@book{Hargittai1994,
    title = {{Symmetry: A unifying concept}},
    year = {1994},
    author = {Hargittai, Istv{\'a}n and Hargittai, Magdolna},
    publisher = {Shelter Publications, Inc.}
}

@article{Tayar2017,
    title = {{Synchrony and pattern formation of coupled genetic oscillators on a chip of artificial cells}},
    year = {2017},
    journal = {Proceedings of the National Academy of Sciences of the United States of America},
    author = {Tayar, Alexandra M. and Karzbrun, Eyal and Noireaux, Vincent and Bar-Ziv, Roy H.},
    number = {44},
    pages = {11609--11614},
    volume = {114},
    doi = {10.1073/pnas.1710620114},
    issn = {10916490},
    pmid = {29078346},
    keywords = {Cell-free protein synthesis, DNA compartment, Genetic oscillators, Pattern formation, Synchrony}
}

@article{Grokopf2014,
    title = {{Synthetic microbial communities}},
    year = {2014},
    journal = {Current Opinion in Microbiology},
    author = {Gro{\ss}kopf, Tobias and Soyer, Orkun S.},
    number = {1},
    pages = {72--77},
    volume = {18},
    publisher = {Elsevier Ltd},
    url = {http://dx.doi.org/10.1016/j.mib.2014.02.002},
    doi = {10.1016/j.mib.2014.02.002},
    issn = {18790364},
    pmid = {24632350}
}

@article{Song2014,
    title = {{Synthetic microbial consortia: From systematic analysis to construction and applications}},
    year = {2014},
    journal = {Chemical Society Reviews},
    author = {Song, Hao and Ding, Ming Zhu and Jia, Xiao Qiang and Ma, Qian and Yuan, Ying Jin},
    number = {20},
    pages = {6954--6981},
    volume = {43},
    publisher = {Royal Society of Chemistry},
    doi = {10.1039/c4cs00114a},
    issn = {14604744},
    pmid = {25017039}
}

@article{Liu2019,
    title = {{Synthetic, Context-Dependent Microbial Consortium of Predator and Prey}},
    year = {2019},
    journal = {ACS Synthetic Biology},
    author = {Liu, Feng and Mao, Junwen and Lu, Ting and Hua, Qiang},
    number = {8},
    pages = {1713--1722},
    volume = {8},
    publisher = {American Chemical Society},
    doi = {10.1021/acssynbio.9b00110},
    issn = {21615063},
    pmid = {31382741},
    keywords = {context dependence, ecosystem dynamics, microbial consortia, microbial interactions, predator-prey, synthetic biology}
}

@article{Nijhout2019,
    title = {{Systems biology of robustness and homeostatic mechanisms}},
    year = {2019},
    journal = {Wiley Interdisciplinary Reviews: Systems Biology and Medicine},
    author = {Nijhout, H. Frederik and Best, Janet A. and Reed, Michael C.},
    number = {3},
    pages = {1--23},
    volume = {11},
    doi = {10.1002/wsbm.1440},
    issn = {1939005X},
    pmid = {30371009},
    keywords = {Allosteric regulation, cryptic genetic variation, homeostasis, metabolism, robustness}
}

@article{Tavassoly2018,
    title = {{Systems biology primer: The basic methods and approaches}},
    year = {2018},
    journal = {Essays in Biochemistry},
    author = {Tavassoly, Iman and Goldfarb, Joseph and Iyengar, Ravi},
    number = {4},
    pages = {487--500},
    volume = {62},
    doi = {10.1042/EBC20180003},
    issn = {00711365}
}

@article{Tavassoly2018a,
    title = {{Systems biology primer: The basic methods and approaches}},
    year = {2018},
    journal = {Essays in Biochemistry},
    author = {Tavassoly, Iman and Goldfarb, Joseph and Iyengar, Ravi},
    number = {4},
    pages = {487--500},
    volume = {62},
    doi = {10.1042/EBC20180003},
    issn = {00711365}
}

@article{Shinohara2017,
    title = {{Temperature-Sensitive Substrate and Product Binding Underlie Temperature-Compensated Phosphorylation in the Clock}},
    year = {2017},
    journal = {Molecular Cell},
    author = {Shinohara, Yuta and Koyama, Yohei M. and Ukai-Tadenuma, Maki and Hirokawa, Takatsugu and Kikuchi, Masaki and Yamada, Rikuhiro G. and Ukai, Hideki and Fujishima, Hiroshi and Umehara, Takashi and Tainaka, Kazuki and Ueda, Hiroki R.},
    number = {5},
    pages = {783--798},
    volume = {67},
    publisher = {Elsevier Inc.},
    url = {http://dx.doi.org/10.1016/j.molcel.2017.08.009},
    doi = {10.1016/j.molcel.2017.08.009},
    issn = {10974164},
    pmid = {28886336},
    keywords = {casein kinase 1, circadian clock, enzyme design, enzyme mechanisms, enzyme simulation, phosphorylation, structural biology, synthetic biology, system biology, temperature compensation}
}

@article{Blum2019,
    title = {{Temporal perturbation of ERK dynamics reveals network architecture of FGF2/MAPK signaling}},
    year = {2019},
    journal = {Molecular Systems Biology},
    author = {Blum, Yannick and Mikelson, Jan and Dobrzy{\'{n}}ski, Maciej and Ryu, Hyunryul and Jacques, Marc‐Antoine and Jeon, Noo Li and Khammash, Mustafa and Pertz, Olivier},
    number = {11},
    pages = {1--17},
    volume = {15},
    doi = {10.15252/msb.20198947},
    issn = {1744-4292},
    keywords = {15252, 20198947, cell fate determination, doi 10, erk signaling dynamics, mechanistic, microfluidics, modeling, msb, parameter estimation, received 9 april 2019, revised 27 september, subject category signal transduction}
}

@article{Burack1997,
    title = {{The activating dual phosphorylation of MAPK by MEK is nonprocessive}},
    year = {1997},
    journal = {Biochemistry},
    author = {Burack, W. Richard and Sturgill, Thomas W.},
    number = {20},
    pages = {5929--5933},
    volume = {36},
    doi = {10.1021/bi970535d},
    issn = {00062960}
}

@article{Ardito2017,
    title = {{The crucial role of protein phosphorylation in cell signalingand its use as targeted therapy (Review)}},
    year = {2017},
    journal = {International Journal of Molecular Medicine},
    author = {Ardito, Fatima and Giuliani, Michele and Perrone, Donatella and Troiano, Giuseppe and Muzio, Lorenzo Lo},
    number = {2},
    pages = {271--280},
    volume = {40},
    doi = {10.3892/ijmm.2017.3036},
    issn = {1791244X},
    pmid = {28656226},
    keywords = {Cancer, Drug target, Kinase, Phosphatase, Phospho-signaling networks, Protein phosphorylation}
}

@article{Bastiaansen2019,
    title = {{The dynamics of disappearing pulses in a singularly perturbed reaction–diffusion system with parameters that vary in time and space}},
    year = {2019},
    journal = {Physica D: Nonlinear Phenomena},
    author = {Bastiaansen, Robbin and Doelman, Arjen},
    pages = {45--72},
    volume = {388},
    publisher = {Elsevier B.V.},
    url = {https://doi.org/10.1016/j.physd.2018.09.003},
    doi = {10.1016/j.physd.2018.09.003},
    issn = {01672789},
    keywords = {Coarsening, Hybrid asymptotic–numerical method, Pulse interaction, Reaction–diffusion equation, Singular perturbed}
}

@article{Lander2010,
    title = {{The edges of understanding O P I N I O N}},
    year = {2010},
    author = {Lander, Arthur D},
    pages = {40},
    volume = {8},
    url = {http://www.biomedcentral.com/1741-7007/8/40}
}

@article{Enciso2017,
    title = {{The effect of site-to-site variability in ultrasensitive dose responses}},
    year = {2017},
    journal = {Journal of Mathematical Biology},
    author = {Enciso, German A. and Ryerson, Shane},
    number = {1-2},
    pages = {23--41},
    volume = {74},
    publisher = {Springer Berlin Heidelberg},
    doi = {10.1007/s00285-016-1013-5},
    issn = {14321416},
    pmid = {27116679},
    keywords = {Allostery, Cooperativity, Multisite system, Phosphorylation, Signal transduction, Ultrasensitivity}
}

@article{Nordhausen2009,
    title = {{The Elements of Statistical Learning: Data Mining, Inference, and Prediction, Second Edition by Trevor Hastie, Robert Tibshirani, Jerome Friedman}},
    year = {2009},
    journal = {International Statistical Review},
    author = {Nordhausen, Klaus},
    number = {3},
    pages = {482--482},
    volume = {77},
    doi = {10.1111/j.1751-5823.2009.00095{\_}18.x},
    issn = {03067734}
}

@article{Onimaru2016,
    title = {{The fin-to-limb transition as the re-organization of a Turing pattern}},
    year = {2016},
    journal = {Nature Communications},
    author = {Onimaru, Koh and Marcon, Luciano and Musy, Marco and Tanaka, Mikiko and Sharpe, James},
    number = {May},
    volume = {7},
    publisher = {Nature Publishing Group},
    doi = {10.1038/ncomms11582},
    issn = {20411723},
    pmid = {27211489}
}

@article{Kocieniewski2012,
    title = {{The interplay of double phosphorylation and scaffolding in MAPK pathways}},
    year = {2012},
    journal = {Journal of Theoretical Biology},
    author = {Kocieniewski, Paweł and Faeder, James R. and Lipniacki, Tomasz},
    pages = {116--124},
    volume = {295},
    doi = {10.1016/j.jtbi.2011.11.014},
    issn = {00225193},
    pmid = {22123371},
    keywords = {Kinase cascades, Molecular pathways evolution, Rule based modeling}
}

@article{Kocieniewski2012a,
    title = {{The interplay of double phosphorylation and scaffolding in MAPK pathways}},
    year = {2012},
    journal = {Journal of Theoretical Biology},
    author = {Kocieniewski, Paweł and Faeder, James R. and Lipniacki, Tomasz},
    pages = {116--124},
    volume = {295},
    doi = {10.1016/j.jtbi.2011.11.014},
    issn = {00225193},
    pmid = {22123371},
    keywords = {Kinase cascades, Molecular pathways evolution, Rule based modeling}
}

@article{Kocieniewski2012b,
    title = {{The interplay of double phosphorylation and scaffolding in MAPK pathways}},
    year = {2012},
    journal = {Journal of Theoretical Biology},
    author = {Kocieniewski, Paweł and Faeder, James R. and Lipniacki, Tomasz},
    pages = {116--124},
    volume = {295},
    doi = {10.1016/j.jtbi.2011.11.014},
    issn = {00225193},
    pmid = {22123371},
    keywords = {Kinase cascades, Molecular pathways evolution, Rule based modeling}
}

@article{Krishnan2020,
    title = {{The interplay of spatial organization and biochemistry in building blocks of cellular signalling pathways}},
    year = {2020},
    journal = {Journal of the Royal Society Interface},
    author = {Krishnan, J. and Lu, Lingjun and Nazki, Aiman Alam},
    number = {166},
    volume = {17},
    doi = {10.1098/rsif.2020.0251},
    issn = {17425662},
    pmid = {32453980},
    keywords = {Bifunctional enzymes, Biochemical pathways, Covalent modification cycles, Localization, Spatial organization, Two-component systems}
}

@article{MATLAB,
    title = {{The matlab ode suite}},
    year = {1997},
    journal = {SIAM journal on scientific computing},
    author = {Shampine, Lawrence F and Reichelt, Mark W},
    number = {1},
    pages = {1--22},
    volume = {18},
    publisher = {SIAM}
}

@article{Januchowski-Hartley2018,
    title = {{The need for spatially explicit quantification of benefits in invasive-species management}},
    year = {2018},
    journal = {Conservation Biology},
    author = {Januchowski-Hartley, Stephanie R. and Adams, Vanessa M. and Hermoso, Virgilio},
    number = {2},
    pages = {287--293},
    volume = {32},
    doi = {10.1111/cobi.13031},
    issn = {15231739},
    pmid = {28940505},
    keywords = {activos, an{\'{a}}lisis de costo-beneficio, assets, conservaci{\'{o}}n ambiental, cost–benefit analyses, decision making, environmental conservation, human impacts, impactos humanos, optimizaci{\'{o}}n espacial, prioritization, priorizaci{\'{o}}n, spatial optimization, toma de decisi{\'{o}}n}
}

@article{Chen2020,
    title = {{The origin of biological homochirality along with the origin of life}},
    year = {2020},
    journal = {PLoS Computational Biology},
    author = {Chen, Yong and Ma, Wentao},
    number = {1},
    pages = {1--20},
    volume = {16},
    isbn = {1111111111},
    doi = {10.1371/journal.pcbi.1007592},
    issn = {15537358},
    pmid = {31914131}
}

@article{Millar2019,
    title = {{The Scope, Functions, and Dynamics of Posttranslational Protein Modifications}},
    year = {2019},
    journal = {Annual Review of Plant Biology},
    author = {Millar, A. Harvey and Heazlewood, Joshua L. and Giglione, Carmela and Holdsworth, Michael J. and Bachmair, Andreas and Schulze, Waltraud X.},
    pages = {119--151},
    volume = {70},
    doi = {10.1146/annurev-arplant-050718-100211},
    issn = {15452123},
    pmid = {30786234},
    keywords = {N-degron pathways, N-terminal modification, glycosylation, oxidation, phosphorylation, ubiquitylation}
}

@article{Wang2009,
    title = {{The signaling mechanisms underlying cell polarity and chemotaxis.}},
    year = {2009},
    journal = {Cold Spring Harbor perspectives in biology},
    author = {Wang, Fei},
    number = {4},
    pages = {1--16},
    volume = {1},
    doi = {10.1101/cshperspect.a002980},
    issn = {19430264},
    pmid = {20066099}
}

@article{Awal2019,
    title = {{The smallest chimera: Periodicity and chaos in a pair of coupled chemical oscillators}},
    year = {2019},
    journal = {Chaos},
    author = {Awal, Naziru M. and Bullara, Domenico and Epstein, Irving R.},
    number = {1},
    volume = {29},
    doi = {10.1063/1.5060959},
    issn = {10541500}
}

@article{Herrero2016,
    title = {{The spatiotemporal regulation of RAS signalling}},
    year = {2016},
    journal = {Biochemical Society Transactions},
    author = {Herrero, Ana and Matallanas, David and Kolch, Walter},
    number = {5},
    pages = {1517--1522},
    volume = {44},
    doi = {10.1042/BST20160127},
    issn = {14708752},
    pmid = {27911734}
}

@article{Bertolotti2018,
    title = {{The split protein phosphatase system}},
    year = {2018},
    journal = {Biochemical Journal},
    author = {Bertolotti, Anne},
    number = {23},
    pages = {3707--3723},
    volume = {475},
    doi = {10.1042/BCJ20170726},
    issn = {14708728},
    pmid = {30523060}
}

@article{Krishnamurthy2007,
    title = {{The stochastic behavior of a molecular switching circuit with feedback}},
    year = {2007},
    journal = {Biology Direct},
    author = {Krishnamurthy, Supriya and Smith, Eric and Krakauer, David and Fontana, Walter},
    volume = {2},
    doi = {10.1186/1745-6150-2-13},
    issn = {17456150},
    arxivId = {q-bio/0312020}
}

@article{Krishnamurthy2007a,
    title = {{The stochastic behavior of a molecular switching circuit with feedback}},
    year = {2007},
    journal = {Biology Direct},
    author = {Krishnamurthy, Supriya and Smith, Eric and Krakauer, David and Fontana, Walter},
    volume = {2},
    doi = {10.1186/1745-6150-2-13},
    issn = {17456150},
    arxivId = {q-bio/0312020}
}

@article{Reader2019,
    title = {{To print this document , select the Print icon or use the keyboard shortcut , Ctrl + P .}},
    year = {2019},
    author = {Reader, Elsevier Enhanced},
    pages = {4384874},
    isbn = {3735614787}
}

@article{Duran-Nebreda2016,
    title = {{Toward Synthetic Spatial Patterns in Engineered Cell Populations with Chemotaxis}},
    year = {2016},
    journal = {ACS Synthetic Biology},
    author = {Duran-Nebreda, Salva and Sol{\'{e}}, Ricard V.},
    number = {7},
    pages = {654--661},
    volume = {5},
    doi = {10.1021/acssynbio.5b00254},
    issn = {21615063},
    keywords = {Turing patterns, chemotaxis, morphogenesis, pattern formation}
}

@article{Venturelli2016,
    title = {{Towards Engineering Biological Systems in a Broader Context}},
    year = {2016},
    journal = {Journal of Molecular Biology},
    author = {Venturelli, Ophelia S. and Egbert, Robert G. and Arkin, Adam P.},
    number = {5},
    pages = {928--944},
    volume = {428},
    publisher = {Elsevier Ltd},
    url = {http://dx.doi.org/10.1016/j.jmb.2015.10.025},
    doi = {10.1016/j.jmb.2015.10.025},
    issn = {10898638},
    keywords = {ecological stability, phenotypic diversification, resource allocation, synthetic biology, synthetic ecology}
}

@article{Shong2012,
    title = {{Towards synthetic microbial consortia for bioprocessing}},
    year = {2012},
    journal = {Current Opinion in Biotechnology},
    author = {Shong, Jasmine and Jimenez Diaz, Manuel Rafael and Collins, Cynthia H.},
    number = {5},
    pages = {798--802},
    volume = {23},
    publisher = {Elsevier Ltd},
    url = {http://dx.doi.org/10.1016/j.copbio.2012.02.001},
    doi = {10.1016/j.copbio.2012.02.001},
    issn = {09581669}
}

@article{Pezzato2015,
    title = {{Transient signal generation in a self-assembled nanosystem fueled by ATP}},
    year = {2015},
    journal = {Nature Communications},
    author = {Pezzato, Cristian and Prins, Leonard J.},
    number = {May},
    pages = {1--8},
    volume = {6},
    publisher = {Nature Publishing Group},
    url = {http://dx.doi.org/10.1038/ncomms8790},
    doi = {10.1038/ncomms8790},
    issn = {20411723},
    pmid = {26195349}
}

@article{Hatakeyama2020,
    title = {{Transition in relaxation paths in allosteric molecules: Enzymatic kinetically constrained model}},
    year = {2020},
    journal = {Physical Review Research},
    author = {Hatakeyama, Tetsuhiro S and Kaneko, Kunihiko},
    number = {1},
    month = {1},
    pages = {012005},
    volume = {2},
    publisher = {American Physical Society},
    url = {https://link.aps.org/doi/10.1103/PhysRevResearch.2.012005},
    doi = {10.1103/PhysRevResearch.2.012005},
    issn = {2643-1564},
    arxivId = {1808.05031},
    keywords = {doi:10.1103/PhysRevResearch.2.012005 url:https://d}
}

@article{OShaughnessy2011,
    title = {{Tunable signal processing in synthetic MAP kinase cascades}},
    year = {2011},
    journal = {Cell},
    author = {OShaughnessy, Ellen C. and Palani, Santhosh and Collins, James J. and Sarkar, Casim A.},
    number = {1},
    pages = {119--131},
    volume = {144},
    publisher = {Elsevier Inc.},
    url = {http://dx.doi.org/10.1016/j.cell.2010.12.014},
    doi = {10.1016/j.cell.2010.12.014},
    issn = {00928674},
    pmid = {21215374}
}

@article{Maini2012,
    title = {{Turing's model for biological pattern formation and the robustness problem}},
    year = {2012},
    journal = {Interface Focus},
    author = {Maini, Philip K. and Woolley, Thomas E. and Baker, Ruth E. and Gaffney, Eamonn A. and Seirin Lee, S.},
    number = {4},
    pages = {487--496},
    volume = {2},
    doi = {10.1098/rsfs.2011.0113},
    issn = {20428901},
    keywords = {Biological pattern formation, Robustness problem, Turing}
}

@article{Goryachev2011,
    title = {{Understanding bacterial cell-cell communication with computational modeling}},
    year = {2011},
    journal = {Chemical Reviews},
    author = {Goryachev, Andrew B.},
    number = {1},
    pages = {238--250},
    volume = {111},
    doi = {10.1021/cr100286z},
    issn = {00092665}
}

@book{COMPLEXITYBerndKrauskopfHinkeOsingaJorgeGalan-VioqueEditors,
    title = {{UNDERSTANDING COMPLEX SYSTEMS Numerical Continuation Methods for Dynamical Systems Understanding Complex Systems}},
    author = {COMPLEXITY Bernd Krauskopf Hinke Osinga Jorge Gal{\'{a}}n-Vioque Editors, Springer M},
    isbn = {9781402063558}
}

@article{Slusarczyk2012,
    title = {{Understanding signaling dynamics through synthesis}},
    year = {2012},
    journal = {Science Signaling},
    author = {Slusarczyk, Adrian L. and Weiss, Ron},
    number = {220},
    pages = {1--4},
    volume = {5},
    doi = {10.1126/scisignal.2003092},
    issn = {19450877}
}

@article{Gutenkunst2007,
    title = {{Universally sloppy parameter sensitivities in systems biology models}},
    year = {2007},
    journal = {PLoS Computational Biology},
    author = {Gutenkunst, Ryan N. and Waterfall, Joshua J. and Casey, Fergal P. and Brown, Kevin S. and Myers, Christopher R. and Sethna, James P.},
    number = {10},
    pages = {1871--1878},
    volume = {3},
    doi = {10.1371/journal.pcbi.0030189},
    issn = {1553734X},
    pmid = {17922568}
}

@article{Kothamachu2015,
    title = {{Unlimited multistability and Boolean logic in microbial signalling}},
    year = {2015},
    journal = {Journal of the Royal Society Interface},
    author = {Kothamachu, Varun B. and Feliu, Elisenda and Cardelli, Luca and Soyer, Orkun S.},
    number = {108},
    volume = {12},
    doi = {10.1098/rsif.2015.0234},
    issn = {17425662},
    pmid = {26040599},
    keywords = {Boolean logic, Multi-domain proteins, Multistability, Prokaryotes, Synthetic biology, Two component signalling networks}
}

@article{Thomson2009,
    title = {{Unlimited multistability in multisite phosphorylation systems}},
    year = {2009},
    journal = {Nature},
    author = {Thomson, Matthew and Gunawardena, Jeremy},
    number = {7252},
    pages = {274--277},
    volume = {460},
    publisher = {Nature Publishing Group},
    url = {http://dx.doi.org/10.1038/nature08102},
    doi = {10.1038/nature08102},
    issn = {00280836}
}

@article{Witzel2018,
    title = {{When More Is Less: Dual Phosphorylation Protects Signaling Off State against Overexpression}},
    year = {2018},
    journal = {Biophysical Journal},
    author = {Witzel, Franziska and Bl{\"{u}}thgen, Nils},
    number = {7},
    pages = {1383--1392},
    volume = {115},
    doi = {10.1016/j.bpj.2018.08.019},
    issn = {15420086}
}

@article{Epstein2008,
    title = {{Why model?}},
    year = {2001},
    journal = {Trends in Genetics},
    author = {SHVARTSMAN, S},
    number = {8},
    month = {8},
    pages = {479--480},
    volume = {17},
    url = {https://linkinghub.elsevier.com/retrieve/pii/S0168952501023824},
    doi = {10.1016/S0168-9525(01)02382-4},
    issn = {01689525}
}

@article{Langtangen2016,
    title = {{[2016]Solving nonlinear ODE and PDE problems}},
    year = {2016},
    author = {Langtangen, Hans Petter},
    pages = {1--65}
}

@article{InformationATion,
    title = {{A mathematical model of dual phosphoryla- tion}},
    author = {Information, This Supporting}
}

@article{Brown2021AMODELLING,
    title = {{A RIGID BODY FRAMEWORK FOR MULTI - CELLULAR MODELLING}},
    year = {2021},
    author = {Brown, Phillip J and Binder, Benjamin J}
}

@article{Autoregulation2017Crossm,
    title = {{crossm}},
    year = {2017},
    author = {Autoregulation, Positive and Quorum-sensing, Homoserine Lactone and Scholz, Rebecca L and Greenberg, E Peter},
    number = {4},
    pages = {1--12},
    volume = {8},
    keywords = {2017, 2017 published 25 july, accepted 21 june, bacterial communication, cell-cell signaling, citation scholz rl, greenberg ep, received 19 june 2017, transcriptional activation}
}

@article{Zhu2021SyntheticCells,
    title = {{Synthetic multistability in mammalian cells}},
    year = {2021},
    author = {Zhu, Ronghui and Rio-salgado, Jesus M and Garcia-ojalvo, Jordi and Elowitz, Michael B}
}